@inproceedings{SuperpositionModuloShostak,
  author    = {Harald Ganzinger and
               Thomas Hillenbrand and
               Uwe Waldmann},
  title     = {Superposition Modulo a Shostak Theory},
  booktitle = {Automated Deduction - CADE-19, 19th International Conference on Automated
               Deduction Miami Beach, FL, USA, July 28 - August 2, 2003, Proceedings},
  pages     = {182--196},
  year      = {2003},
  crossref  = {DBLP:conf/cade/2003},
  url       = {http://dx.doi.org/10.1007/978-3-540-45085-6_15},
  doi       = {10.1007/978-3-540-45085-6_15},
  timestamp = {Tue, 05 Jul 2011 11:03:17 +0200},
  biburl    = {http://dblp.uni-trier.de/rec/bib/conf/cade/GanzingerHW03},
  bibsource = {dblp computer science bibliography, http://dblp.org}
}
@proceedings{DBLP:conf/cade/2003,
  editor    = {Franz Baader},
  title     = {Automated Deduction - CADE-19, 19th International Conference on Automated
               Deduction Miami Beach, FL, USA, July 28 - August 2, 2003, Proceedings},
  series    = {Lecture Notes in Computer Science},
  volume    = {2741},
  publisher = {Springer},
  year      = {2003},
  isbn      = {3-540-40559-3},
  timestamp = {Fri, 19 Dec 2003 15:45:06 +0100},
  biburl    = {http://dblp.uni-trier.de/rec/bib/conf/cade/2003},
  bibsource = {dblp computer science bibliography, http://dblp.org}
}
@inproceedings{Rusinowitch88,
  author    = {Micha{\"{e}}l Rusinowitch},
  title     = {Theorem-Proving with Resolution and Superposition: An Extension of
               the Knuth and Bendic Procedure to a Complete Set of Inference Rules},
  booktitle = {{FGCS}},
  pages     = {524--531},
  year      = {1988},
  timestamp = {Thu, 03 Jan 2002 11:58:02 +0100},
  biburl    = {http://dblp.uni-trier.de/rec/bib/conf/fgcs/Rusinowitch88},
  bibsource = {dblp computer science bibliography, http://dblp.org}
}

@TECHREPORT{BachmairGanzingerSuperposition,
  AUTHOR = {Bachmair, Leo and Ganzinger, Harald},
  TITLE = {Rewrite-based equational theorem proving with selection and simplification},
  TYPE = {Research Report},
  INSTITUTION = {Max-Planck-Institut f{\"u}r Informatik},
  ADDRESS = {Im Stadtwald, D-66123 Saarbr{\"u}cken, Germany},
  NUMBER = {MPI-I-91-208},
  MONTH = {September},
  YEAR = {1991},
  ISSN = {0946-011X},
  NOTE = {Revised version in the Journal of Logic and Computation 4, 3 (1994), pp.~217--247},
}

@inproceedings{McMillan03Interpolation,
  author    = {Kenneth L. McMillan},
  title     = {Interpolation and SAT-Based Model Checking},
  booktitle = {Computer Aided Verification, 15th International Conference, {CAV}
               2003, Boulder, CO, USA, July 8-12, 2003, Proceedings},
  pages     = {1--13},
  year      = {2003},
  crossref  = {DBLP:conf/cav/2003},
  url       = {http://dx.doi.org/10.1007/978-3-540-45069-6_1},
  doi       = {10.1007/978-3-540-45069-6_1},
  timestamp = {Fri, 22 Nov 2013 12:57:23 +0100},
  biburl    = {http://dblp.uni-trier.de/rec/bib/conf/cav/McMillan03},
  bibsource = {dblp computer science bibliography, http://dblp.org}
}
@proceedings{DBLP:conf/cav/2003,
  editor    = {Warren A. Hunt Jr. and
               Fabio Somenzi},
  title     = {Computer Aided Verification, 15th International Conference, {CAV}
               2003, Boulder, CO, USA, July 8-12, 2003, Proceedings},
  series    = {Lecture Notes in Computer Science},
  volume    = {2725},
  publisher = {Springer},
  year      = {2003},
  isbn      = {3-540-40524-0},
  timestamp = {Thu, 09 Oct 2003 12:34:44 +0200},
  biburl    = {http://dblp.uni-trier.de/rec/bib/conf/cav/2003},
  bibsource = {dblp computer science bibliography, http://dblp.org}
}
@InProceedings{DPLLJoin,
  author = 	 {Bj{\o}rner, Nikolaj and Dutertre, Bruno and de~Moura, Leonardo},
  title = 	 {Accelerating Lemma Learning using Joins},
  booktitle = {Logic for Programming, Artificial Intelligence, and Reasoning (LPAR'2008)},
  year = 	 2008,
  month = 	 {November},
  note = 	 {Short paper}}
	
@article{GRASP,
  author    = {Jo{\~{a}}o P. Marques Silva and
               Karem A. Sakallah},
  title     = {{GRASP:} {A} Search Algorithm for Propositional Satisfiability},
  journal   = {{IEEE} Trans. Computers},
  volume    = {48},
  number    = {5},
  pages     = {506--521},
  year      = {1999},
  url       = {http://doi.ieeecomputersociety.org/10.1109/12.769433},
  doi       = {10.1109/12.769433},
  timestamp = {Thu, 27 Oct 2011 17:40:05 +0200},
  biburl    = {http://dblp.uni-trier.de/rec/bib/journals/tc/Marques-SilvaS99},
  bibsource = {dblp computer science bibliography, http://dblp.org}
}

@article{NelsonOppen80,
  author    = {Greg Nelson and
               Derek C. Oppen},
  title     = {Fast Decision Procedures Based on Congruence Closure},
  journal   = {J. {ACM}},
  volume    = {27},
  number    = {2},
  pages     = {356--364},
  year      = {1980},
  url       = {http://doi.acm.org/10.1145/322186.322198},
  doi       = {10.1145/322186.322198},
  timestamp = {Thu, 26 Jan 2012 17:31:32 +0100},
  biburl    = {http://dblp.uni-trier.de/rec/bib/journals/jacm/NelsonO80},
  bibsource = {dblp computer science bibliography, http://dblp.org}
}

@TechReport{JKMNSS14,
  author =       {U. Juhasz and I. T. Kassios and P. M{\"u}ller and M. Novacek and M. Schwerhoff and A. J. Summers},
  title  =       {Viper: A Verification Infrastructure for Permission-Based Reasoning},
  institution =  {ETH Zurich},
  year =         {2014}
}

@article{DBLP:journals/cacm/Hoare69,
  author    = {C. A. R. Hoare},
  title     = {An Axiomatic Basis for Computer Programming},
  journal   = {Commun. ACM},
  volume    = {12},
  number    = {10},
  year      = {1969},
  pages     = {576-580},
  ee        = {http://doi.acm.org/10.1145/363235.363259},
  bibsource = {DBLP, http://dblp.uni-trier.de}
}

@inproceedings{DBLP:conf/tacas/MouraB08,
  author    = {Leonardo Mendon\c{c}a de Moura and
               Nikolaj Bj{\o}rner},
  title     = {Z3: An Efficient SMT Solver},
  booktitle = {TACAS},
  year      = {2008},
  pages     = {337-340},
  ee        = {http://dx.doi.org/10.1007/978-3-540-78800-3_24},
  crossref  = {DBLP:conf/tacas/2008},
  bibsource = {DBLP, http://dblp.uni-trier.de}
}

@inproceedings{DBLP:conf/cade/RiazanovV99,
  author    = {Alexandre Riazanov and
               Andrei Voronkov},
  title     = {Vampire},
  booktitle = {CADE},
  year      = {1999},
  pages     = {292-296},
  ee        = {http://dx.doi.org/10.1007/3-540-48660-7_26},
  crossref  = {DBLP:conf/cade/1999},
  bibsource = {DBLP, http://dblp.uni-trier.de}
}

@inproceedings{DBLP:conf/cav/BarrettCDHJKRT11,
  author    = {Clark Barrett and
               Christopher L. Conway and
               Morgan Deters and
               Liana Hadarean and
               Dejan Jovanovic and
               Tim King and
               Andrew Reynolds and
               Cesare Tinelli},
  title     = {CVC4},
  booktitle = {CAV},
  year      = {2011},
  pages     = {171-177},
  ee        = {http://dx.doi.org/10.1007/978-3-642-22110-1_14},
  crossref  = {DBLP:conf/cav/2011},
  bibsource = {DBLP, http://dblp.uni-trier.de}
}

@proceedings{DBLP:conf/cade/1999,
  editor    = {Harald Ganzinger},
  title     = {Automated Deduction - CADE-16, 16th International Conference
               on Automated Deduction, Trento, Italy, July 7-10, 1999,
               Proceedings},
  booktitle = {CADE},
  publisher = {Springer},
  series    = {Lecture Notes in Computer Science},
  volume    = {1632},
  year      = {1999},
  isbn      = {3-540-66222-7},
  bibsource = {DBLP, http://dblp.uni-trier.de}
}

@proceedings{DBLP:conf/tacas/2008,
  editor    = {C. R. Ramakrishnan and
               Jakob Rehof},
  title     = {Tools and Algorithms for the Construction and Analysis of
               Systems, 14th International Conference, TACAS 2008, Held
               as Part of the Joint European Conferences on Theory and
               Practice of Software, ETAPS 2008, Budapest, Hungary, March
               29-April 6, 2008. Proceedings},
  booktitle = {TACAS},
  publisher = {Springer},
  series    = {Lecture Notes in Computer Science},
  volume    = {4963},
  year      = {2008},
  isbn      = {978-3-540-78799-0},
  bibsource = {DBLP, http://dblp.uni-trier.de}
}

@proceedings{DBLP:conf/cav/2011,
  editor    = {Ganesh Gopalakrishnan and
               Shaz Qadeer},
  title     = {Computer Aided Verification - 23rd International Conference,
               CAV 2011, Snowbird, UT, USA, July 14-20, 2011. Proceedings},
  booktitle = {CAV},
  publisher = {Springer},
  series    = {Lecture Notes in Computer Science},
  volume    = {6806},
  year      = {2011},
  isbn      = {978-3-642-22109-5},
  ee        = {http://dx.doi.org/10.1007/978-3-642-22110-1},
  bibsource = {DBLP, http://dblp.uni-trier.de}
}

@inproceedings{DBLP:conf/ecoop/ClarkeNP01,
  author    = {David G. Clarke and
               James Noble and
               John Potter},
  title     = {Simple Ownership Types for Object Containment},
  booktitle = {ECOOP},
  year      = {2001},
  pages     = {53-76},
  ee        = {http://dx.doi.org/10.1007/3-540-45337-7_4},
  crossref  = {DBLP:conf/ecoop/2001},
  bibsource = {DBLP, http://dblp.uni-trier.de}
}
@proceedings{DBLP:conf/ecoop/2001,
  editor    = {J{\o}rgen Lindskov Knudsen},
  title     = {ECOOP 2001 - Object-Oriented Programming, 15th European
               Conference, Budapest, Hungary, June 18-22, 2001, Proceedings},
  booktitle = {ECOOP},
  publisher = {Springer},
  series    = {Lecture Notes in Computer Science},
  volume    = {2072},
  year      = {2001},
  isbn      = {3-540-42206-4},
  bibsource = {DBLP, http://dblp.uni-trier.de}
}


@inproceedings{DBLP:conf/lics/Reynolds02,
  author    = {John C. Reynolds},
  title     = {Separation Logic: A Logic for Shared Mutable Data Structures},
  booktitle = {LICS},
  year      = {2002},
  pages     = {55-74},
  ee        = {http://doi.ieeecomputersociety.org/10.1109/LICS.2002.1029817},
  crossref  = {DBLP:conf/lics/2002},
  bibsource = {DBLP, http://dblp.uni-trier.de}
}
@proceedings{DBLP:conf/lics/2002,
  title     = {17th IEEE Symposium on Logic in Computer Science (LICS 2002),
               22-25 July 2002, Copenhagen, Denmark, Proceedings},
  booktitle = {LICS},
  publisher = {IEEE Computer Society},
  year      = {2002},
  isbn      = {0-7695-1483-9},
  bibsource = {DBLP, http://dblp.uni-trier.de}
}

@inproceedings{DBLP:conf/sas/Boyland03,
  author    = {John Boyland},
  title     = {Checking Interference with Fractional Permissions},
  booktitle = {SAS},
  year      = {2003},
  pages     = {55-72},
  ee        = {http://dx.doi.org/10.1007/3-540-44898-5_4},
  crossref  = {DBLP:conf/sas/2003},
  bibsource = {DBLP, http://dblp.uni-trier.de}
}
@proceedings{DBLP:conf/sas/2003,
  editor    = {Radhia Cousot},
  title     = {Static Analysis, 10th International Symposium, SAS 2003,
               San Diego, CA, USA, June 11-13, 2003, Proceedings},
  booktitle = {SAS},
  publisher = {Springer},
  series    = {Lecture Notes in Computer Science},
  volume    = {2694},
  year      = {2003},
  isbn      = {3-540-40325-6},
  bibsource = {DBLP, http://dblp.uni-trier.de}
}


@inproceedings{DBLP:conf/fm/Kassios06,
  author    = {Ioannis T. Kassios},
  title     = {Dynamic Frames: Support for Framing, Dependencies and Sharing
               Without Restrictions},
  booktitle = {FM},
  year      = {2006},
  pages     = {268-283},
  ee        = {http://dx.doi.org/10.1007/11813040_19},
  crossref  = {DBLP:conf/fm/2006},
  bibsource = {DBLP, http://dblp.uni-trier.de}
}
@proceedings{DBLP:conf/fm/2006,
  editor    = {Jayadev Misra and
               Tobias Nipkow and
               Emil Sekerinski},
  title     = {FM 2006: Formal Methods, 14th International Symposium on
               Formal Methods, Hamilton, Canada, August 21-27, 2006, Proceedings},
  booktitle = {FM},
  publisher = {Springer},
  series    = {Lecture Notes in Computer Science},
  volume    = {4085},
  year      = {2006},
  isbn      = {3-540-37215-6},
  bibsource = {DBLP, http://dblp.uni-trier.de}
}

@inproceedings{DBLP:conf/lpar/Leino10,
  author    = {K. Rustan M. Leino},
  title     = {Dafny: An Automatic Program Verifier for Functional Correctness},
  booktitle = {LPAR (Dakar)},
  year      = {2010},
  pages     = {348-370},
  ee        = {http://dx.doi.org/10.1007/978-3-642-17511-4_20},
  crossref  = {DBLP:conf/lpar/2010d},
  bibsource = {DBLP, http://dblp.uni-trier.de}
}
@proceedings{DBLP:conf/lpar/2010d,
  editor    = {Edmund M. Clarke and
               Andrei Voronkov},
  title     = {Logic for Programming, Artificial Intelligence, and Reasoning
               - 16th International Conference, LPAR-16, Dakar, Senegal,
               April 25-May 1, 2010, Revised Selected Papers},
  booktitle = {LPAR (Dakar)},
  publisher = {Springer},
  series    = {Lecture Notes in Computer Science},
  volume    = {6355},
  year      = {2010},
  isbn      = {978-3-642-17510-7},
  ee        = {http://dx.doi.org/10.1007/978-3-642-17511-4},
  bibsource = {DBLP, http://dblp.uni-trier.de}
}

@book{DBLP:books/sp/Muller02,
  author    = {Peter M{\"u}ller},
  title     = {Modular Specification and Verification of Object-Oriented
               Programs},
  publisher = {Springer},
  series    = {Lecture Notes in Computer Science},
  volume    = {2262},
  year      = {2002},
  isbn      = {3-540-43167-5},
  ee        = {http://dx.doi.org/10.1007/3-540-45651-1},
  bibsource = {DBLP, http://dblp.uni-trier.de}
}

@inproceedings{GulwaniTiwariNecula04,
  author    = {Sumit Gulwani and
               Ashish Tiwari and
               George C. Necula},
  title     = {Join Algorithms for the Theory of Uninterpreted Functions},
  booktitle = {FSTTCS},
  year      = {2004},
  pages     = {311-323},
  ee        = {http://dx.doi.org/10.1007/978-3-540-30538-5_26},
  crossref  = {DBLP:conf/fsttcs/2004},
  bibsource = {DBLP, http://dblp.uni-trier.de}
}
@proceedings{DBLP:conf/fsttcs/2004,
  editor    = {Kamal Lodaya and
               Meena Mahajan},
  title     = {FSTTCS 2004: Foundations of Software Technology and Theoretical
               Computer Science, 24th International Conference, Chennai,
               India, December 16-18, 2004, Proceedings},
  booktitle = {FSTTCS},
  publisher = {Springer},
  series    = {Lecture Notes in Computer Science},
  volume    = {3328},
  year      = {2004},
  isbn      = {3-540-24058-6},
  bibsource = {DBLP, http://dblp.uni-trier.de}
}

@INPROCEEDINGS{FLOYD67,
  AUTHOR = {Floyd, Robert W.},
  TITLE = {Assigning Meanings to Programs},
  BOOKTITLE = {Mathematical Aspects of Computer Science},
  PLACE = {New York City},
  DATES = {April 5--7, 1966},
  EDITOR = {J. T. Schwartz},
  SERIES = {Proceedings of Symposia in Applied Mathematics},
  VOLUME = {19},
  PUBLISHER = {American Mathematical Society},
  ADDRESS = {Providence, Rhode Island},
  YEAR = {1967},
  PAGES = {19--32},
  CHECKED = {13 September 1992}
}

@article{Dijkstra:1975:GCN:360933.360975,
 author = {Dijkstra, Edsger W.},
 title = {Guarded Commands, Nondeterminacy and Formal Derivation of Programs},
 journal = {Commun. ACM},
 issue_date = {Aug. 1975},
 volume = {18},
 number = {8},
 month = aug,
 year = {1975},
 issn = {0001-0782},
 pages = {453--457},
 numpages = {5},
 url = {http://doi.acm.org/10.1145/360933.360975},
 doi = {10.1145/360933.360975},
 acmid = {360975},
 publisher = {ACM},
 address = {New York, NY, USA},
 keywords = {case-construction, correctness proof, derivation of programs, nondeterminancy, program semantics, programming language semantics, programming languages, programming methodology, repetition, sequencing primitives, termination},
} 


@inproceedings{Boyer:1975:SFS:800027.808445,
 author = {Boyer, Robert S. and Elspas, Bernard and Levitt, Karl N.},
 title = {SELECT\&Mdash;a Formal System for Testing and Debugging Programs by Symbolic Execution},
 booktitle = {Proceedings of the International Conference on Reliable Software},
 year = {1975},
 location = {Los Angeles, California},
 pages = {234--245},
 numpages = {12},
 url = {http://doi.acm.org/10.1145/800027.808445},
 doi = {10.1145/800027.808445},
 acmid = {808445},
 publisher = {ACM},
 address = {New York, NY, USA},
 keywords = {Program debugging, Program testing, Program verification, Solution of systems of inequalities, Symbolic execution, Test data generation},
} 

@article{Boyer:1975:SFS:390016.808445,
 author = {Boyer, Robert S. and Elspas, Bernard and Levitt, Karl N.},
 title = {SELECT\&Mdash;a Formal System for Testing and Debugging Programs by Symbolic Execution},
 journal = {SIGPLAN Not.},
 issue_date = {June 1975},
 volume = {10},
 number = {6},
 month = apr,
 year = {1975},
 issn = {0362-1340},
 pages = {234--245},
 numpages = {12},
 url = {http://doi.acm.org/10.1145/390016.808445},
 doi = {10.1145/390016.808445},
 acmid = {808445},
 publisher = {ACM},
 address = {New York, NY, USA},
 keywords = {Program debugging, Program testing, Program verification, Solution of systems of inequalities, Symbolic execution, Test data generation},
} 


@inproceedings{VizelG09,
  author    = {Yakir Vizel and
               Orna Grumberg},
  title     = {Interpolation-sequence based model checking},
  booktitle = {Proceedings of 9th International Conference on Formal Methods in Computer-Aided
               Design, {FMCAD} 2009, 15-18 November 2009, Austin, Texas, {USA}},
  pages     = {1--8},
  year      = {2009},
  crossref  = {DBLP:conf/fmcad/2009},
  url       = {http://dx.doi.org/10.1109/FMCAD.2009.5351148},
  doi       = {10.1109/FMCAD.2009.5351148},
  timestamp = {Wed, 27 Jan 2010 15:12:16 +0100},
  biburl    = {http://dblp.uni-trier.de/rec/bib/conf/fmcad/VizelG09},
  bibsource = {dblp computer science bibliography, http://dblp.org}
}
@proceedings{DBLP:conf/fmcad/2009,
  title     = {Proceedings of 9th International Conference on Formal Methods in Computer-Aided
               Design, {FMCAD} 2009, 15-18 November 2009, Austin, Texas, {USA}},
  publisher = {{IEEE}},
  year      = {2009},
  isbn      = {978-1-4244-4966-8},
  timestamp = {Wed, 27 Jan 2010 15:11:36 +0100},
  biburl    = {http://dblp.uni-trier.de/rec/bib/conf/fmcad/2009},
  bibsource = {dblp computer science bibliography, http://dblp.org}
}

@inproceedings{AlbarghouthiLGC12,
  author    = {Aws Albarghouthi and
               Yi Li and
               Arie Gurfinkel and
               Marsha Chechik},
  title     = {Ufo: {A} Framework for Abstraction- and Interpolation-Based Software
               Verification},
  booktitle = {Computer Aided Verification - 24th International Conference, {CAV}
               2012, Berkeley, CA, USA, July 7-13, 2012 Proceedings},
  pages     = {672--678},
  year      = {2012},
  crossref  = {DBLP:conf/cav/2012},
  url       = {http://dx.doi.org/10.1007/978-3-642-31424-7_48},
  doi       = {10.1007/978-3-642-31424-7_48},
  timestamp = {Tue, 03 Jul 2012 08:52:37 +0200},
  biburl    = {http://dblp.uni-trier.de/rec/bib/conf/cav/AlbarghouthiLGC12},
  bibsource = {dblp computer science bibliography, http://dblp.org}
}
@proceedings{DBLP:conf/cav/2012,
  editor    = {P. Madhusudan and
               Sanjit A. Seshia},
  title     = {Computer Aided Verification - 24th International Conference, {CAV}
               2012, Berkeley, CA, USA, July 7-13, 2012 Proceedings},
  series    = {Lecture Notes in Computer Science},
  volume    = {7358},
  publisher = {Springer},
  year      = {2012},
  url       = {http://dx.doi.org/10.1007/978-3-642-31424-7},
  doi       = {10.1007/978-3-642-31424-7},
  isbn      = {978-3-642-31423-0},
  timestamp = {Tue, 03 Jul 2012 08:38:09 +0200},
  biburl    = {http://dblp.uni-trier.de/rec/bib/conf/cav/2012},
  bibsource = {dblp computer science bibliography, http://dblp.org}
}


@article{Shostak84,
  author    = {Robert E. Shostak},
  title     = {Deciding Combinations of Theories},
  journal   = {J. {ACM}},
  volume    = {31},
  number    = {1},
  pages     = {1--12},
  year      = {1984},
  url       = {http://doi.acm.org/10.1145/2422.322411},
  doi       = {10.1145/2422.322411},
  timestamp = {Thu, 20 Nov 2003 12:28:22 +0100},
  biburl    = {http://dblp.uni-trier.de/rec/bib/journals/jacm/Shostak84},
  bibsource = {dblp computer science bibliography, http://dblp.org}
}

@article{DowneySethiTarjan,
 author = {Downey, Peter J. and Sethi, Ravi and Tarjan, Robert Endre},
 title = {Variations on the Common Subexpression Problem},
 journal = {J. ACM},
 issue_date = {Oct. 1980},
 volume = {27},
 number = {4},
 month = oct,
 year = {1980},
 issn = {0004-5411},
 pages = {758--771},
 numpages = {14},
 url = {http://doi.acm.org/10.1145/322217.322228},
 doi = {10.1145/322217.322228},
 acmid = {322228},
 publisher = {ACM},
 address = {New York, NY, USA},
} 

@inproceedings{Cyrluk96onshostak,
 author = {Cyrluk, David and Lincoln, Patrick and Shankar, Natarajan},
 title = {On Shostak's Decision Procedure for Combinations of Theories},
 booktitle = {Proceedings of the 13th International Conference on Automated Deduction: Automated Deduction},
 series = {CADE-13},
 year = {1996},
 isbn = {3-540-61511-3},
 pages = {463--477},
 numpages = {15},
 url = {http://dl.acm.org/citation.cfm?id=648232.753134},
 acmid = {753134},
 publisher = {Springer-Verlag},
 address = {London, UK, UK},
} 

@inproceedings{Ganzinger02,
  author    = {Harald Ganzinger},
  title     = {Shostak Light},
  booktitle = {Automated Deduction - CADE-18, 18th International Conference on Automated
               Deduction, Copenhagen, Denmark, July 27-30, 2002, Proceedings},
  pages     = {332--346},
  year      = {2002},
  crossref  = {DBLP:conf/cade/2002},
  url       = {http://dx.doi.org/10.1007/3-540-45620-1_28},
  doi       = {10.1007/3-540-45620-1_28},
  timestamp = {Thu, 30 Jun 2011 15:57:15 +0200},
  biburl    = {http://dblp.uni-trier.de/rec/bib/conf/cade/Ganzinger02},
  bibsource = {dblp computer science bibliography, http://dblp.org}
}
@proceedings{DBLP:conf/cade/2002,
  editor    = {Andrei Voronkov},
  title     = {Automated Deduction - CADE-18, 18th International Conference on Automated
               Deduction, Copenhagen, Denmark, July 27-30, 2002, Proceedings},
  series    = {Lecture Notes in Computer Science},
  volume    = {2392},
  publisher = {Springer},
  year      = {2002},
  isbn      = {3-540-43931-5},
  timestamp = {Thu, 11 Jul 2002 13:28:39 +0200},
  biburl    = {http://dblp.uni-trier.de/rec/bib/conf/cade/2002},
  bibsource = {dblp computer science bibliography, http://dblp.org}
}

@article{AbstractCongruenceClosure,
  author    = {Leo Bachmair and
               Ashish Tiwari and
               Laurent Vigneron},
  title     = {Abstract Congruence Closure},
  journal   = {J. Autom. Reasoning},
  volume    = {31},
  number    = {2},
  pages     = {129--168},
  year      = {2003},
  url       = {http://dx.doi.org/10.1023/B:JARS.0000009518.26415.49},
  doi       = {10.1023/B:JARS.0000009518.26415.49},
  timestamp = {Wed, 04 Feb 2004 12:32:53 +0100},
  biburl    = {http://dblp.uni-trier.de/rec/bib/journals/jar/BachmairTV03},
  bibsource = {dblp computer science bibliography, http://dblp.org}
}

@proceedings{JoinUIF,
  editor    = {Kamal Lodaya and
               Meena Mahajan},
  title     = {{FSTTCS} 2004: Foundations of Software Technology and Theoretical
               Computer Science, 24th International Conference, Chennai, India, December
               16-18, 2004, Proceedings},
  series    = {Lecture Notes in Computer Science},
  volume    = {3328},
  publisher = {Springer},
  year      = {2004},
  isbn      = {3-540-24058-6},
  timestamp = {Mon, 13 Dec 2004 11:23:17 +0100},
  biburl    = {http://dblp.uni-trier.de/rec/bib/conf/fsttcs/2004},
  bibsource = {dblp computer science bibliography, http://dblp.org}
}

@article{Vagvolgyi03b,
  author    = {S{\'{a}}ndor V{\'{a}}gv{\"{o}}lgyi},
  title     = {Intersection of finitely generated congruences over term algebra},
  journal   = {Theor. Comput. Sci.},
  volume    = {300},
  number    = {1-3},
  pages     = {209--234},
  year      = {2003},
  url       = {http://dx.doi.org/10.1016/S0304-3975(02)00080-4},
  doi       = {10.1016/S0304-3975(02)00080-4},
  timestamp = {Mon, 25 Jul 2005 08:11:25 +0200},
  biburl    = {http://dblp.uni-trier.de/rec/bib/journals/tcs/Vagvolgyi03b},
  bibsource = {dblp computer science bibliography, http://dblp.org}
}


@inproceedings{RuessS01,
  author    = {Harald Rue{\ss} and
               Natarajan Shankar},
  title     = {Deconstructing Shostak},
  booktitle = {16th Annual {IEEE} Symposium on Logic in Computer Science, Boston,
               Massachusetts, USA, June 16-19, 2001, Proceedings},
  pages     = {19--28},
  year      = {2001},
  crossref  = {DBLP:conf/lics/2001},
  url       = {http://dx.doi.org/10.1109/LICS.2001.932479},
  doi       = {10.1109/LICS.2001.932479},
  timestamp = {Sat, 22 Nov 2014 13:44:41 +0100},
  biburl    = {http://dblp.uni-trier.de/rec/bib/conf/lics/RuessS01},
  bibsource = {dblp computer science bibliography, http://dblp.org}
}
@proceedings{DBLP:conf/lics/2001,
  title     = {16th Annual {IEEE} Symposium on Logic in Computer Science, Boston,
               Massachusetts, USA, June 16-19, 2001, Proceedings},
  publisher = {{IEEE} Computer Society},
  year      = {2001},
  url       = {http://ieeexplore.ieee.org/xpl/mostRecentIssue.jsp?punumber=7424},
  isbn      = {0-7695-1281-X},
  timestamp = {Fri, 21 Nov 2014 14:08:56 +0100},
  biburl    = {http://dblp.uni-trier.de/rec/bib/conf/lics/2001},
  bibsource = {dblp computer science bibliography, http://dblp.org}
}

@inproceedings{BachmairTiwari00,
  author    = {Leo Bachmair and
               Ashish Tiwari},
  title     = {Abstract Congruence Closure and Specializations},
  booktitle = {Automated Deduction - CADE-17, 17th International Conference on Automated
               Deduction, Pittsburgh, PA, USA, June 17-20, 2000, Proceedings},
  pages     = {64--78},
  year      = {2000},
  crossref  = {DBLP:conf/cade/2000},
  url       = {http://dx.doi.org/10.1007/10721959_5},
  doi       = {10.1007/10721959_5},
  timestamp = {Mon, 12 Oct 2009 14:14:26 +0200},
  biburl    = {http://dblp2.uni-trier.de/rec/bib/conf/cade/BachmairT00},
  bibsource = {dblp computer science bibliography, http://dblp.org}
}
@proceedings{DBLP:conf/cade/2000,
  editor    = {David A. McAllester},
  title     = {Automated Deduction - CADE-17, 17th International Conference on Automated
               Deduction, Pittsburgh, PA, USA, June 17-20, 2000, Proceedings},
  series    = {Lecture Notes in Computer Science},
  volume    = {1831},
  publisher = {Springer},
  year      = {2000},
  isbn      = {3-540-67664-3},
  timestamp = {Thu, 24 Jan 2002 16:11:50 +0100},
  biburl    = {http://dblp2.uni-trier.de/rec/bib/conf/cade/2000},
  bibsource = {dblp computer science bibliography, http://dblp.org}
}

@article{GulwaniNecula07,
  author    = {Sumit Gulwani and
               George C. Necula},
  title     = {A polynomial-time algorithm for global value numbering},
  journal   = {Sci. Comput. Program.},
  volume    = {64},
  number    = {1},
  pages     = {97--114},
  year      = {2007},
  url       = {http://dx.doi.org/10.1016/j.scico.2006.03.005},
  doi       = {10.1016/j.scico.2006.03.005},
  timestamp = {Fri, 30 Mar 2007 09:05:30 +0200},
  biburl    = {http://dblp.uni-trier.de/rec/bib/journals/scp/GulwaniN07},
  bibsource = {dblp computer science bibliography, http://dblp.org}
}

@incollection{NieuwenhuisOliveras03,
	year={2003},
	isbn={978-3-540-20101-4},
	booktitle={Logic for Programming, Artificial Intelligence, and Reasoning},
	volume={2850},
	series={Lecture Notes in Computer Science},
	editor={Vardi, MosheY. and Voronkov, Andrei},
	doi={10.1007/978-3-540-39813-4_5},
	title={Congruence Closure with Integer Offsets},
	url={http://dx.doi.org/10.1007/978-3-540-39813-4_5},
	publisher={Springer Berlin Heidelberg},
	author={Nieuwenhuis, Robert and Oliveras, Albert},
	pages={78-90},
	language={English}
}

@incollection{RuethingKnoopSteffen99,
	year={1999},
	isbn={978-3-540-66459-8},
	booktitle={Static Analysis},
	volume={1694},
	series={Lecture Notes in Computer Science},
	editor={Cortesi, Agostino and Filé, Gilberto},
	doi={10.1007/3-540-48294-6_15},
	title={Detecting Equalities of Variables: Combining Efficiency with Precision},
	url={http://dx.doi.org/10.1007/3-540-48294-6_15},
	publisher={Springer Berlin Heidelberg},
	author={Rüthing, Oliver and Knoop, Jens and Steffen, Bernhard},
	pages={232-247},
	language={English}
}

@inproceedings{Kildall73,
 author = {Kildall, Gary A.},
 title = {A Unified Approach to Global Program Optimization},
 booktitle = {Proceedings of the 1st Annual ACM SIGACT-SIGPLAN Symposium on Principles of Programming Languages},
 series = {POPL '73},
 year = {1973},
 location = {Boston, Massachusetts},
 pages = {194--206},
 numpages = {13},
 url = {http://doi.acm.org/10.1145/512927.512945},
 doi = {10.1145/512927.512945},
 acmid = {512945},
 publisher = {ACM},
 address = {New York, NY, USA},
} 


@inproceedings{BjornerGurfinkelKorovinLahav2013,
  author    = {Nikolaj Bj{\o}rner and
               Arie Gurfinkel and
               Konstantin Korovin and
               Ori Lahav},
  title     = {Instantiations, Zippers and {EPR} Interpolation},
  booktitle = {{LPAR} 2013, 19th International Conference on Logic for Programming,
               Artificial Intelligence and Reasoning, December 12-17, 2013, Stellenbosch,
               South Africa, Short papers proceedings},
  pages     = {35--41},
  year      = {2013},
  crossref  = {DBLP:conf/lpar/2013s},
  url       = {http://www.easychair.org/publications/?page=275044893},
  timestamp = {Tue, 05 Aug 2014 11:35:14 +0200},
  biburl    = {http://dblp.uni-trier.de/rec/bib/conf/lpar/BjornerGKL13},
  bibsource = {dblp computer science bibliography, http://dblp.org}
}
@proceedings{DBLP:conf/lpar/2013s,
  editor    = {Kenneth L. McMillan and
               Aart Middeldorp and
               Geoff Sutcliffe and
               Andrei Voronkov},
  title     = {{LPAR} 2013, 19th International Conference on Logic for Programming,
               Artificial Intelligence and Reasoning, December 12-17, 2013, Stellenbosch,
               South Africa, Short papers proceedings},
  series    = {EPiC Series},
  volume    = {26},
  publisher = {EasyChair},
  year      = {2014},
  url       = {http://www.easychair.org/publications/?page=668528027},
  timestamp = {Tue, 05 Aug 2014 11:33:34 +0200},
  biburl    = {http://dblp.uni-trier.de/rec/bib/conf/lpar/2013s},
  bibsource = {dblp computer science bibliography, http://dblp.org}
}

@inproceedings{Bradley12,
  author    = {Aaron R. Bradley},
  title     = {Understanding {IC3}},
  booktitle = {Theory and Applications of Satisfiability Testing - {SAT} 2012 - 15th
               International Conference, Trento, Italy, June 17-20, 2012. Proceedings},
  pages     = {1--14},
  year      = {2012},
  crossref  = {DBLP:conf/sat/2012},
  url       = {http://dx.doi.org/10.1007/978-3-642-31612-8_1},
  doi       = {10.1007/978-3-642-31612-8_1},
  timestamp = {Mon, 18 Jun 2012 12:30:05 +0200},
  biburl    = {http://dblp.uni-trier.de/rec/bib/conf/sat/Bradley12},
  bibsource = {dblp computer science bibliography, http://dblp.org}
}
@proceedings{DBLP:conf/sat/2012,
  editor    = {Alessandro Cimatti and
               Roberto Sebastiani},
  title     = {Theory and Applications of Satisfiability Testing - {SAT} 2012 - 15th
               International Conference, Trento, Italy, June 17-20, 2012. Proceedings},
  series    = {Lecture Notes in Computer Science},
  volume    = {7317},
  publisher = {Springer},
  year      = {2012},
  url       = {http://dx.doi.org/10.1007/978-3-642-31612-8},
  doi       = {10.1007/978-3-642-31612-8},
  isbn      = {978-3-642-31611-1},
  timestamp = {Mon, 18 Jun 2012 12:23:11 +0200},
  biburl    = {http://dblp.uni-trier.de/rec/bib/conf/sat/2012},
  bibsource = {dblp computer science bibliography, http://dblp.org}
}


@inproceedings{BjornerGurfinkel2015,
  author    = {Nikolaj Bj{\o}rner and
               Arie Gurfinkel},
  title     = {Property Directed Polyhedral Abstraction},
  booktitle = {Verification, Model Checking, and Abstract Interpretation - 16th International
               Conference, {VMCAI} 2015, Mumbai, India, January 12-14, 2015. Proceedings},
  pages     = {263--281},
  year      = {2015},
  crossref  = {DBLP:conf/vmcai/2015},
  url       = {http://dx.doi.org/10.1007/978-3-662-46081-8_15},
  doi       = {10.1007/978-3-662-46081-8_15},
  timestamp = {Fri, 12 Dec 2014 12:30:11 +0100},
  biburl    = {http://dblp.uni-trier.de/rec/bib/conf/vmcai/BjornerG15},
  bibsource = {dblp computer science bibliography, http://dblp.org}
}
@proceedings{DBLP:conf/vmcai/2015,
  editor    = {Deepak D'Souza and
               Akash Lal and
               Kim Guldstrand Larsen},
  title     = {Verification, Model Checking, and Abstract Interpretation - 16th International
               Conference, {VMCAI} 2015, Mumbai, India, January 12-14, 2015. Proceedings},
  series    = {Lecture Notes in Computer Science},
  volume    = {8931},
  publisher = {Springer},
  year      = {2014},
  url       = {http://dx.doi.org/10.1007/978-3-662-46081-8},
  doi       = {10.1007/978-3-662-46081-8},
  isbn      = {978-3-662-46080-1},
  timestamp = {Fri, 12 Dec 2014 12:27:22 +0100},
  biburl    = {http://dblp.uni-trier.de/rec/bib/conf/vmcai/2015},
  bibsource = {dblp computer science bibliography, http://dblp.org}
}

@article{BaumgartnerPelzerTinelli12,
  author    = {Peter Baumgartner and
               Bj{\"{o}}rn Pelzer and
               Cesare Tinelli},
  title     = {Model Evolution with equality - Revised and implemented},
  journal   = {J. Symb. Comput.},
  volume    = {47},
  number    = {9},
  pages     = {1011--1045},
  year      = {2012},
  url       = {http://dx.doi.org/10.1016/j.jsc.2011.12.031},
  doi       = {10.1016/j.jsc.2011.12.031},
  timestamp = {Wed, 20 Jun 2012 11:56:57 +0200},
  biburl    = {http://dblp.uni-trier.de/rec/bib/journals/jsc/BaumgartnerPT12},
  bibsource = {dblp computer science bibliography, http://dblp.org}
}



@inproceedings{VizelGurfinkel2014,
  author    = {Yakir Vizel and
               Arie Gurfinkel},
  title     = {Interpolating Property Directed Reachability},
  booktitle = {Computer Aided Verification - 26th International Conference, {CAV}
               2014, Held as Part of the Vienna Summer of Logic, {VSL} 2014, Vienna,
               Austria, July 18-22, 2014. Proceedings},
  pages     = {260--276},
  year      = {2014},
  crossref  = {DBLP:conf/cav/2014},
  url       = {http://dx.doi.org/10.1007/978-3-319-08867-9_17},
  doi       = {10.1007/978-3-319-08867-9_17},
  timestamp = {Mon, 30 Jun 2014 11:31:20 +0200},
  biburl    = {http://dblp.uni-trier.de/rec/bib/conf/cav/VizelG14},
  bibsource = {dblp computer science bibliography, http://dblp.org}
}
@proceedings{DBLP:conf/cav/2014,
  editor    = {Armin Biere and
               Roderick Bloem},
  title     = {Computer Aided Verification - 26th International Conference, {CAV}
               2014, Held as Part of the Vienna Summer of Logic, {VSL} 2014, Vienna,
               Austria, July 18-22, 2014. Proceedings},
  series    = {Lecture Notes in Computer Science},
  volume    = {8559},
  publisher = {Springer},
  year      = {2014},
  url       = {http://dx.doi.org/10.1007/978-3-319-08867-9},
  doi       = {10.1007/978-3-319-08867-9},
  isbn      = {978-3-319-08866-2},
  timestamp = {Mon, 30 Jun 2014 11:23:38 +0200},
  biburl    = {http://dblp.uni-trier.de/rec/bib/conf/cav/2014},
  bibsource = {dblp computer science bibliography, http://dblp.org}
}

@inproceedings{BaylessValBallHoosHu2013,
  author    = {Sam Bayless and
               Celina G. Val and
               Thomas Ball and
               Holger H. Hoos and
               Alan J. Hu},
  title     = {Efficient modular {SAT} solving for {IC3}},
  booktitle = {Formal Methods in Computer-Aided Design, {FMCAD} 2013, Portland, OR,
               USA, October 20-23, 2013},
  pages     = {149--156},
  year      = {2013},
  crossref  = {DBLP:conf/fmcad/2013},
  url       = {http://ieeexplore.ieee.org/xpl/freeabs_all.jsp?arnumber=6679404},
  timestamp = {Wed, 11 Dec 2013 12:09:47 +0100},
  biburl    = {http://dblp.uni-trier.de/rec/bib/conf/fmcad/BaylessVBHH13},
  bibsource = {dblp computer science bibliography, http://dblp.org}
}
@proceedings{DBLP:conf/fmcad/2013,
  title     = {Formal Methods in Computer-Aided Design, {FMCAD} 2013, Portland, OR,
               USA, October 20-23, 2013},
  publisher = {{IEEE}},
  year      = {2013},
  url       = {http://ieeexplore.ieee.org/xpl/mostRecentIssue.jsp?punumber=6675286},
  timestamp = {Wed, 11 Dec 2013 10:10:04 +0100},
  biburl    = {http://dblp.uni-trier.de/rec/bib/conf/fmcad/2013},
  bibsource = {dblp computer science bibliography, http://dblp.org}
}

@article{McMillan05,
  author    = {Kenneth L. McMillan},
  title     = {An interpolating theorem prover},
  journal   = {Theor. Comput. Sci.},
  volume    = {345},
  number    = {1},
  pages     = {101--121},
  year      = {2005},
  url       = {http://dx.doi.org/10.1016/j.tcs.2005.07.003},
  doi       = {10.1016/j.tcs.2005.07.003},
  timestamp = {Tue, 10 Jan 2006 15:37:04 +0100},
  biburl    = {http://dblp.uni-trier.de/rec/bib/journals/tcs/McMillan05},
  bibsource = {dblp computer science bibliography, http://dblp.org}
}

@article{FuchsGoelGrundyKrsticTinelli2012,
  author    = {Alexander Fuchs and
               Amit Goel and
               Jim Grundy and
               Sava Krstic and
               Cesare Tinelli},
  title     = {Ground interpolation for the theory of equality},
  journal   = {Logical Methods in Computer Science},
  volume    = {8},
  number    = {1},
  year      = {2012},
  url       = {http://dx.doi.org/10.2168/LMCS-8(1:6)2012},
  doi       = {10.2168/LMCS-8(1:6)2012},
  timestamp = {Tue, 17 Apr 2012 19:37:54 +0200},
  biburl    = {http://dblp.uni-trier.de/rec/bib/journals/corr/abs-1111-5652},
  bibsource = {dblp computer science bibliography, http://dblp.org}
}

@article{BachmairGanzinger94,
  author    = {Leo Bachmair and
               Harald Ganzinger},
  title     = {Rewrite-Based Equational Theorem Proving with Selection and Simplification},
  journal   = {J. Log. Comput.},
  volume    = {4},
  number    = {3},
  pages     = {217--247},
  year      = {1994},
  url       = {http://dx.doi.org/10.1093/logcom/4.3.217},
  doi       = {10.1093/logcom/4.3.217},
  timestamp = {Wed, 29 Jun 2011 15:52:27 +0200},
  biburl    = {http://dblp.uni-trier.de/rec/bib/journals/logcom/BachmairG94},
  bibsource = {dblp computer science bibliography, http://dblp.org}
}

@inproceedings{McMillan08,
  author    = {Kenneth L. McMillan},
  title     = {Quantified Invariant Generation Using an Interpolating Saturation
               Prover},
  booktitle = {Tools and Algorithms for the Construction and Analysis of Systems,
               14th International Conference, {TACAS} 2008, Held as Part of the Joint
               European Conferences on Theory and Practice of Software, {ETAPS} 2008,
               Budapest, Hungary, March 29-April 6, 2008. Proceedings},
  pages     = {413--427},
  year      = {2008},
  crossref  = {DBLP:conf/tacas/2008},
  url       = {http://dx.doi.org/10.1007/978-3-540-78800-3_31},
  doi       = {10.1007/978-3-540-78800-3_31},
  timestamp = {Thu, 28 May 2015 17:23:18 +0200},
  biburl    = {http://dblp.uni-trier.de/rec/bib/conf/tacas/McMillan08},
  bibsource = {dblp computer science bibliography, http://dblp.org}
}
@proceedings{DBLP:conf/tacas/2008,
  editor    = {C. R. Ramakrishnan and
               Jakob Rehof},
  title     = {Tools and Algorithms for the Construction and Analysis of Systems,
               14th International Conference, {TACAS} 2008, Held as Part of the Joint
               European Conferences on Theory and Practice of Software, {ETAPS} 2008,
               Budapest, Hungary, March 29-April 6, 2008. Proceedings},
  series    = {Lecture Notes in Computer Science},
  volume    = {4963},
  publisher = {Springer},
  year      = {2008},
  url       = {http://dx.doi.org/10.1007/978-3-540-78800-3},
  doi       = {10.1007/978-3-540-78800-3},
  isbn      = {978-3-540-78799-0},
  timestamp = {Thu, 28 May 2015 17:23:18 +0200},
  biburl    = {http://dblp.uni-trier.de/rec/bib/conf/tacas/2008},
  bibsource = {dblp computer science bibliography, http://dblp.org}
}

@inproceedings{BachmairGanzingerWaldmann92,
  author    = {Leo Bachmair and
               Harald Ganzinger and
               Uwe Waldmann},
  title     = {Theorem Proving for Hierarchic First-Order Theories},
  booktitle = {Algebraic and Logic Programming, Third International Conference, Volterra,
               Italy, September 2-4, 1992, Proceedings},
  pages     = {420--434},
  year      = {1992},
  crossref  = {DBLP:conf/alp/1992},
  url       = {http://dx.doi.org/10.1007/BFb0013841},
  doi       = {10.1007/BFb0013841},
  timestamp = {Wed, 14 Oct 2009 12:08:20 +0200},
  biburl    = {http://dblp.uni-trier.de/rec/bib/conf/alp/BachmairGW92},
  bibsource = {dblp computer science bibliography, http://dblp.org}
}
@proceedings{DBLP:conf/alp/1992,
  editor    = {H{\'{e}}l{\`{e}}ne Kirchner and
               Giorgio Levi},
  title     = {Algebraic and Logic Programming, Third International Conference, Volterra,
               Italy, September 2-4, 1992, Proceedings},
  series    = {Lecture Notes in Computer Science},
  volume    = {632},
  publisher = {Springer},
  year      = {1992},
  isbn      = {3-540-55873-X},
  timestamp = {Mon, 04 Feb 2002 16:18:03 +0100},
  biburl    = {http://dblp.uni-trier.de/rec/bib/conf/alp/1992},
  bibsource = {dblp computer science bibliography, http://dblp.org}
}

@inproceedings{KovacsVoronkov09,
  author    = {Laura Kov{\'{a}}cs and
               Andrei Voronkov},
  title     = {Interpolation and Symbol Elimination},
  booktitle = {Automated Deduction - CADE-22, 22nd International Conference on Automated
               Deduction, Montreal, Canada, August 2-7, 2009. Proceedings},
  pages     = {199--213},
  year      = {2009},
  crossref  = {DBLP:conf/cade/2009},
  url       = {http://dx.doi.org/10.1007/978-3-642-02959-2_17},
  doi       = {10.1007/978-3-642-02959-2_17},
  timestamp = {Wed, 29 Jul 2009 15:18:30 +0200},
  biburl    = {http://dblp.uni-trier.de/rec/bib/conf/cade/KovacsV09},
  bibsource = {dblp computer science bibliography, http://dblp.org}
}
@proceedings{DBLP:conf/cade/2009,
  editor    = {Renate A. Schmidt},
  title     = {Automated Deduction - CADE-22, 22nd International Conference on Automated
               Deduction, Montreal, Canada, August 2-7, 2009. Proceedings},
  series    = {Lecture Notes in Computer Science},
  volume    = {5663},
  publisher = {Springer},
  year      = {2009},
  url       = {http://dx.doi.org/10.1007/978-3-642-02959-2},
  doi       = {10.1007/978-3-642-02959-2},
  isbn      = {978-3-642-02958-5},
  timestamp = {Wed, 29 Jul 2009 15:18:20 +0200},
  biburl    = {http://dblp.uni-trier.de/rec/bib/conf/cade/2009},
  bibsource = {dblp computer science bibliography, http://dblp.org}
}


@inproceedings{WinklerZanklMiddeldorp12,
  author    = {Sarah Winkler and
               Harald Zankl and
               Aart Middeldorp},
  title     = {Ordinals and Knuth-Bendix Orders},
  booktitle = {Logic for Programming, Artificial Intelligence, and Reasoning - 18th
               International Conference, LPAR-18, M{\'{e}}rida, Venezuela, March
               11-15, 2012. Proceedings},
  pages     = {420--434},
  year      = {2012},
  crossref  = {DBLP:conf/lpar/2012},
  url       = {http://dx.doi.org/10.1007/978-3-642-28717-6_33},
  doi       = {10.1007/978-3-642-28717-6_33},
  timestamp = {Wed, 07 Mar 2012 15:25:04 +0100},
  biburl    = {http://dblp.uni-trier.de/rec/bib/conf/lpar/WinklerZM12},
  bibsource = {dblp computer science bibliography, http://dblp.org}
}
@proceedings{DBLP:conf/lpar/2012,
  editor    = {Nikolaj Bj{\o}rner and
               Andrei Voronkov},
  title     = {Logic for Programming, Artificial Intelligence, and Reasoning - 18th
               International Conference, LPAR-18, M{\'{e}}rida, Venezuela, March
               11-15, 2012. Proceedings},
  series    = {Lecture Notes in Computer Science},
  volume    = {7180},
  publisher = {Springer},
  year      = {2012},
  url       = {http://dx.doi.org/10.1007/978-3-642-28717-6},
  doi       = {10.1007/978-3-642-28717-6},
  isbn      = {978-3-642-28716-9},
  timestamp = {Wed, 07 Mar 2012 15:20:30 +0100},
  biburl    = {http://dblp.uni-trier.de/rec/bib/conf/lpar/2012},
  bibsource = {dblp computer science bibliography, http://dblp.org}
}



@inproceedings{KovacsMoserVoronkov11,
  author    = {Laura Kov{\'{a}}cs and
               Georg Moser and
               Andrei Voronkov},
  title     = {On Transfinite Knuth-Bendix Orders},
  booktitle = {Automated Deduction - {CADE-23} - 23rd International Conference on
               Automated Deduction, Wroclaw, Poland, July 31 - August 5, 2011. Proceedings},
  pages     = {384--399},
  year      = {2011},
  crossref  = {DBLP:conf/cade/2011},
  url       = {http://dx.doi.org/10.1007/978-3-642-22438-6_29},
  doi       = {10.1007/978-3-642-22438-6_29},
  timestamp = {Tue, 16 Aug 2011 09:52:52 +0200},
  biburl    = {http://dblp.uni-trier.de/rec/bib/conf/cade/KovacsMV11},
  bibsource = {dblp computer science bibliography, http://dblp.org}
}
@proceedings{DBLP:conf/cade/2011,
  editor    = {Nikolaj Bj{\o}rner and
               Viorica Sofronie{-}Stokkermans},
  title     = {Automated Deduction - {CADE-23} - 23rd International Conference on
               Automated Deduction, Wroclaw, Poland, July 31 - August 5, 2011. Proceedings},
  series    = {Lecture Notes in Computer Science},
  volume    = {6803},
  publisher = {Springer},
  year      = {2011},
  url       = {http://dx.doi.org/10.1007/978-3-642-22438-6},
  doi       = {10.1007/978-3-642-22438-6},
  isbn      = {978-3-642-22437-9},
  timestamp = {Tue, 16 Aug 2011 09:40:35 +0200},
  biburl    = {http://dblp.uni-trier.de/rec/bib/conf/cade/2011},
  bibsource = {dblp computer science bibliography, http://dblp.org}
}
