@inproceedings{BarnettCDJL05,
  author    = {Michael Barnett and
               Bor{-}Yuh Evan Chang and
               Robert DeLine and
               Bart Jacobs and
               K. Rustan M. Leino},
  title     = {Boogie: {A} Modular Reusable Verifier for Object-Oriented Programs},
  booktitle = {Formal Methods for Components and Objects, 4th International Symposium,
               {FMCO} 2005, Amsterdam, The Netherlands, November 1-4, 2005, Revised
               Lectures},
  pages     = {364--387},
  year      = {2005},
  crossref  = {DBLP:conf/fmco/2005},
  url       = {http://dx.doi.org/10.1007/11804192_17},
  doi       = {10.1007/11804192_17},
  timestamp = {Fri, 22 May 2015 07:12:28 +0200},
  biburl    = {http://dblp.uni-trier.de/rec/bib/conf/fmco/BarnettCDJL05},
  bibsource = {dblp computer science bibliography, http://dblp.org}
}
@proceedings{DBLP:conf/fmco/2005,
  editor    = {Frank S. de Boer and
               Marcello M. Bonsangue and
               Susanne Graf and
               Willem P. de Roever},
  title     = {Formal Methods for Components and Objects, 4th International Symposium,
               {FMCO} 2005, Amsterdam, The Netherlands, November 1-4, 2005, Revised
               Lectures},
  series    = {Lecture Notes in Computer Science},
  volume    = {4111},
  publisher = {Springer},
  year      = {2006},
  isbn      = {3-540-36749-7},
  timestamp = {Fri, 15 Dec 2006 15:37:51 +0100},
  biburl    = {http://dblp.uni-trier.de/rec/bib/conf/fmco/2005},
  bibsource = {dblp computer science bibliography, http://dblp.org}
}

@inproceedings{SuperpositionModuloShostak,
  author    = {Harald Ganzinger and
               Thomas Hillenbrand and
               Uwe Waldmann},
  title     = {Superposition Modulo a Shostak Theory},
  booktitle = {Automated Deduction - CADE-19, 19th International Conference on Automated
               Deduction Miami Beach, FL, USA, July 28 - August 2, 2003, Proceedings},
  pages     = {182--196},
  year      = {2003},
  crossref  = {DBLP:conf/cade/2003},
  url       = {http://dx.doi.org/10.1007/978-3-540-45085-6_15},
  doi       = {10.1007/978-3-540-45085-6_15},
  timestamp = {Tue, 05 Jul 2011 11:03:17 +0200},
  biburl    = {http://dblp.uni-trier.de/rec/bib/conf/cade/GanzingerHW03},
  bibsource = {dblp computer science bibliography, http://dblp.org}
}
@proceedings{DBLP:conf/cade/2003,
  editor    = {Franz Baader},
  title     = {Automated Deduction - CADE-19, 19th International Conference on Automated
               Deduction Miami Beach, FL, USA, July 28 - August 2, 2003, Proceedings},
  series    = {Lecture Notes in Computer Science},
  volume    = {2741},
  publisher = {Springer},
  year      = {2003},
  isbn      = {3-540-40559-3},
  timestamp = {Fri, 19 Dec 2003 15:45:06 +0100},
  biburl    = {http://dblp.uni-trier.de/rec/bib/conf/cade/2003},
  bibsource = {dblp computer science bibliography, http://dblp.org}
}
@inproceedings{Rusinowitch88,
  author    = {Micha{\"{e}}l Rusinowitch},
  title     = {Theorem-Proving with Resolution and Superposition: An Extension of
               the Knuth and Bendic Procedure to a Complete Set of Inference Rules},
  booktitle = {{FGCS}},
  pages     = {524--531},
  year      = {1988},
  timestamp = {Thu, 03 Jan 2002 11:58:02 +0100},
  biburl    = {http://dblp.uni-trier.de/rec/bib/conf/fgcs/Rusinowitch88},
  bibsource = {dblp computer science bibliography, http://dblp.org}
}

@TECHREPORT{BachmairGanzingerSuperposition,
  AUTHOR = {Bachmair, Leo and Ganzinger, Harald},
  TITLE = {Rewrite-based equational theorem proving with selection and simplification},
  TYPE = {Research Report},
  INSTITUTION = {Max-Planck-Institut f{\"u}r Informatik},
  ADDRESS = {Im Stadtwald, D-66123 Saarbr{\"u}cken, Germany},
  NUMBER = {MPI-I-91-208},
  MONTH = {September},
  YEAR = {1991},
  ISSN = {0946-011X},
  NOTE = {Revised version in the Journal of Logic and Computation 4, 3 (1994), pp.~217--247},
}

@inproceedings{McMillan03Interpolation,
  author    = {Kenneth L. McMillan},
  title     = {Interpolation and SAT-Based Model Checking},
  booktitle = {Computer Aided Verification, 15th International Conference, {CAV}
               2003, Boulder, CO, USA, July 8-12, 2003, Proceedings},
  pages     = {1--13},
  year      = {2003},
  crossref  = {DBLP:conf/cav/2003},
  url       = {http://dx.doi.org/10.1007/978-3-540-45069-6_1},
  doi       = {10.1007/978-3-540-45069-6_1},
  timestamp = {Fri, 22 Nov 2013 12:57:23 +0100},
  biburl    = {http://dblp.uni-trier.de/rec/bib/conf/cav/McMillan03},
  bibsource = {dblp computer science bibliography, http://dblp.org}
}
@InProceedings{DPLLJoin,
  author = 	 {Bj{\o}rner, Nikolaj and Dutertre, Bruno and de~Moura, Leonardo},
  title = 	 {Accelerating Lemma Learning using Joins},
  booktitle = {Logic for Programming, Artificial Intelligence, and Reasoning (LPAR'2008)},
  year = 	 2008,
  month = 	 {November},
  note = 	 {Short paper}}
	
@article{GRASP,
  author    = {Jo{\~{a}}o P. Marques Silva and
               Karem A. Sakallah},
  title     = {{GRASP:} {A} Search Algorithm for Propositional Satisfiability},
  journal   = {{IEEE} Trans. Computers},
  volume    = {48},
  number    = {5},
  pages     = {506--521},
  year      = {1999},
  url       = {http://doi.ieeecomputersociety.org/10.1109/12.769433},
  doi       = {10.1109/12.769433},
  timestamp = {Thu, 27 Oct 2011 17:40:05 +0200},
  biburl    = {http://dblp.uni-trier.de/rec/bib/journals/tc/Marques-SilvaS99},
  bibsource = {dblp computer science bibliography, http://dblp.org}
}

@article{NelsonOppen80,
  author    = {Greg Nelson and
               Derek C. Oppen},
  title     = {Fast Decision Procedures Based on Congruence Closure},
  journal   = {J. {ACM}},
  volume    = {27},
  number    = {2},
  pages     = {356--364},
  year      = {1980},
  url       = {http://doi.acm.org/10.1145/322186.322198},
  doi       = {10.1145/322186.322198},
  timestamp = {Thu, 26 Jan 2012 17:31:32 +0100},
  biburl    = {http://dblp.uni-trier.de/rec/bib/journals/jacm/NelsonO80},
  bibsource = {dblp computer science bibliography, http://dblp.org}
}

@TechReport{JKMNSS14,
  author =       {U. Juhasz and I. T. Kassios and P. M{\"u}ller and M. Novacek and M. Schwerhoff and A. J. Summers},
  title  =       {Viper: A Verification Infrastructure for Permission-Based Reasoning},
  institution =  {ETH Zurich},
  year =         {2014}
}

@article{DBLP:journals/cacm/Hoare69,
  author    = {C. A. R. Hoare},
  title     = {An Axiomatic Basis for Computer Programming},
  journal   = {Commun. ACM},
  volume    = {12},
  number    = {10},
  year      = {1969},
  pages     = {576-580},
  ee        = {http://doi.acm.org/10.1145/363235.363259},
  bibsource = {DBLP, http://dblp.uni-trier.de}
}

@inproceedings{DBLP:conf/tacas/MouraB08,
  author    = {Leonardo Mendon\c{c}a de Moura and
               Nikolaj Bj{\o}rner},
  title     = {Z3: An Efficient SMT Solver},
  booktitle = {TACAS},
  year      = {2008},
  pages     = {337-340},
  ee        = {http://dx.doi.org/10.1007/978-3-540-78800-3_24},
  crossref  = {DBLP:conf/tacas/2008},
  bibsource = {DBLP, http://dblp.uni-trier.de}
}

@inproceedings{DBLP:conf/cade/RiazanovV99,
  author    = {Alexandre Riazanov and
               Andrei Voronkov},
  title     = {Vampire},
  booktitle = {CADE},
  year      = {1999},
  pages     = {292-296},
  ee        = {http://dx.doi.org/10.1007/3-540-48660-7_26},
  crossref  = {DBLP:conf/cade/1999},
  bibsource = {DBLP, http://dblp.uni-trier.de}
}

@inproceedings{DBLP:conf/cav/BarrettCDHJKRT11,
  author    = {Clark Barrett and
               Christopher L. Conway and
               Morgan Deters and
               Liana Hadarean and
               Dejan Jovanovic and
               Tim King and
               Andrew Reynolds and
               Cesare Tinelli},
  title     = {CVC4},
  booktitle = {CAV},
  year      = {2011},
  pages     = {171-177},
  ee        = {http://dx.doi.org/10.1007/978-3-642-22110-1_14},
  crossref  = {DBLP:conf/cav/2011},
  bibsource = {DBLP, http://dblp.uni-trier.de}
}

@proceedings{DBLP:conf/cade/1999,
  editor    = {Harald Ganzinger},
  title     = {Automated Deduction - CADE-16, 16th International Conference
               on Automated Deduction, Trento, Italy, July 7-10, 1999,
               Proceedings},
  booktitle = {CADE},
  publisher = {Springer},
  series    = {Lecture Notes in Computer Science},
  volume    = {1632},
  year      = {1999},
  isbn      = {3-540-66222-7},
  bibsource = {DBLP, http://dblp.uni-trier.de}
}

@proceedings{DBLP:conf/cav/2011,
  editor    = {Ganesh Gopalakrishnan and
               Shaz Qadeer},
  title     = {Computer Aided Verification - 23rd International Conference,
               CAV 2011, Snowbird, UT, USA, July 14-20, 2011. Proceedings},
  booktitle = {CAV},
  publisher = {Springer},
  series    = {Lecture Notes in Computer Science},
  volume    = {6806},
  year      = {2011},
  isbn      = {978-3-642-22109-5},
  ee        = {http://dx.doi.org/10.1007/978-3-642-22110-1},
  bibsource = {DBLP, http://dblp.uni-trier.de}
}

@inproceedings{DBLP:conf/ecoop/ClarkeNP01,
  author    = {David G. Clarke and
               James Noble and
               John Potter},
  title     = {Simple Ownership Types for Object Containment},
  booktitle = {ECOOP},
  year      = {2001},
  pages     = {53-76},
  ee        = {http://dx.doi.org/10.1007/3-540-45337-7_4},
  crossref  = {DBLP:conf/ecoop/2001},
  bibsource = {DBLP, http://dblp.uni-trier.de}
}
@proceedings{DBLP:conf/ecoop/2001,
  editor    = {J{\o}rgen Lindskov Knudsen},
  title     = {ECOOP 2001 - Object-Oriented Programming, 15th European
               Conference, Budapest, Hungary, June 18-22, 2001, Proceedings},
  booktitle = {ECOOP},
  publisher = {Springer},
  series    = {Lecture Notes in Computer Science},
  volume    = {2072},
  year      = {2001},
  isbn      = {3-540-42206-4},
  bibsource = {DBLP, http://dblp.uni-trier.de}
}


@inproceedings{DBLP:conf/lics/Reynolds02,
  author    = {John C. Reynolds},
  title     = {Separation Logic: A Logic for Shared Mutable Data Structures},
  booktitle = {LICS},
  year      = {2002},
  pages     = {55-74},
  ee        = {http://doi.ieeecomputersociety.org/10.1109/LICS.2002.1029817},
  crossref  = {DBLP:conf/lics/2002},
  bibsource = {DBLP, http://dblp.uni-trier.de}
}
@proceedings{DBLP:conf/lics/2002,
  title     = {17th IEEE Symposium on Logic in Computer Science (LICS 2002),
               22-25 July 2002, Copenhagen, Denmark, Proceedings},
  booktitle = {LICS},
  publisher = {IEEE Computer Society},
  year      = {2002},
  isbn      = {0-7695-1483-9},
  bibsource = {DBLP, http://dblp.uni-trier.de}
}

@inproceedings{DBLP:conf/sas/Boyland03,
  author    = {John Boyland},
  title     = {Checking Interference with Fractional Permissions},
  booktitle = {SAS},
  year      = {2003},
  pages     = {55-72},
  ee        = {http://dx.doi.org/10.1007/3-540-44898-5_4},
  crossref  = {DBLP:conf/sas/2003},
  bibsource = {DBLP, http://dblp.uni-trier.de}
}


@inproceedings{DBLP:conf/fm/Kassios06,
  author    = {Ioannis T. Kassios},
  title     = {Dynamic Frames: Support for Framing, Dependencies and Sharing
               Without Restrictions},
  booktitle = {FM},
  year      = {2006},
  pages     = {268-283},
  ee        = {http://dx.doi.org/10.1007/11813040_19},
  crossref  = {DBLP:conf/fm/2006},
  bibsource = {DBLP, http://dblp.uni-trier.de}
}
@proceedings{DBLP:conf/fm/2006,
  editor    = {Jayadev Misra and
               Tobias Nipkow and
               Emil Sekerinski},
  title     = {FM 2006: Formal Methods, 14th International Symposium on
               Formal Methods, Hamilton, Canada, August 21-27, 2006, Proceedings},
  booktitle = {FM},
  publisher = {Springer},
  series    = {Lecture Notes in Computer Science},
  volume    = {4085},
  year      = {2006},
  isbn      = {3-540-37215-6},
  bibsource = {DBLP, http://dblp.uni-trier.de}
}

@inproceedings{DBLP:conf/lpar/Leino10,
  author    = {K. Rustan M. Leino},
  title     = {Dafny: An Automatic Program Verifier for Functional Correctness},
  booktitle = {LPAR (Dakar)},
  year      = {2010},
  pages     = {348-370},
  ee        = {http://dx.doi.org/10.1007/978-3-642-17511-4_20},
  crossref  = {DBLP:conf/lpar/2010d},
  bibsource = {DBLP, http://dblp.uni-trier.de}
}
@proceedings{DBLP:conf/lpar/2010d,
  editor    = {Edmund M. Clarke and
               Andrei Voronkov},
  title     = {Logic for Programming, Artificial Intelligence, and Reasoning
               - 16th International Conference, LPAR-16, Dakar, Senegal,
               April 25-May 1, 2010, Revised Selected Papers},
  booktitle = {LPAR (Dakar)},
  publisher = {Springer},
  series    = {Lecture Notes in Computer Science},
  volume    = {6355},
  year      = {2010},
  isbn      = {978-3-642-17510-7},
  ee        = {http://dx.doi.org/10.1007/978-3-642-17511-4},
  bibsource = {DBLP, http://dblp.uni-trier.de}
}

@book{DBLP:books/sp/Muller02,
  author    = {Peter M{\"u}ller},
  title     = {Modular Specification and Verification of Object-Oriented
               Programs},
  publisher = {Springer},
  series    = {Lecture Notes in Computer Science},
  volume    = {2262},
  year      = {2002},
  isbn      = {3-540-43167-5},
  ee        = {http://dx.doi.org/10.1007/3-540-45651-1},
  bibsource = {DBLP, http://dblp.uni-trier.de}
}

@inproceedings{GulwaniTiwariNecula04,
  author    = {Sumit Gulwani and
               Ashish Tiwari and
               George C. Necula},
  title     = {Join Algorithms for the Theory of Uninterpreted Functions},
  booktitle = {FSTTCS},
  year      = {2004},
  pages     = {311-323},
  ee        = {http://dx.doi.org/10.1007/978-3-540-30538-5_26},
  crossref  = {DBLP:conf/fsttcs/2004},
  bibsource = {DBLP, http://dblp.uni-trier.de}
}
@proceedings{DBLP:conf/fsttcs/2004,
  editor    = {Kamal Lodaya and
               Meena Mahajan},
  title     = {FSTTCS 2004: Foundations of Software Technology and Theoretical
               Computer Science, 24th International Conference, Chennai,
               India, December 16-18, 2004, Proceedings},
  booktitle = {FSTTCS},
  publisher = {Springer},
  series    = {Lecture Notes in Computer Science},
  volume    = {3328},
  year      = {2004},
  isbn      = {3-540-24058-6},
  bibsource = {DBLP, http://dblp.uni-trier.de}
}

@INPROCEEDINGS{FLOYD67,
  AUTHOR = {Floyd, Robert W.},
  TITLE = {Assigning Meanings to Programs},
  BOOKTITLE = {Mathematical Aspects of Computer Science},
  PLACE = {New York City},
  DATES = {April 5--7, 1966},
  EDITOR = {J. T. Schwartz},
  SERIES = {Proceedings of Symposia in Applied Mathematics},
  VOLUME = {19},
  PUBLISHER = {American Mathematical Society},
  ADDRESS = {Providence, Rhode Island},
  YEAR = {1967},
  PAGES = {19--32},
  CHECKED = {13 September 1992}
}

@article{Dijkstra:1975:GCN:360933.360975,
 author = {Dijkstra, Edsger W.},
 title = {Guarded Commands, Nondeterminacy and Formal Derivation of Programs},
 journal = {Commun. ACM},
 issue_date = {Aug. 1975},
 volume = {18},
 number = {8},
 month = aug,
 year = {1975},
 issn = {0001-0782},
 pages = {453--457},
 numpages = {5},
 url = {http://doi.acm.org/10.1145/360933.360975},
 doi = {10.1145/360933.360975},
 acmid = {360975},
 publisher = {ACM},
 address = {New York, NY, USA},
 keywords = {case-construction, correctness proof, derivation of programs, nondeterminancy, program semantics, programming language semantics, programming languages, programming methodology, repetition, sequencing primitives, termination},
} 


@inproceedings{Boyer:1975:SFS:800027.808445,
 author = {Boyer, Robert S. and Elspas, Bernard and Levitt, Karl N.},
 title = {SELECT\&Mdash;a Formal System for Testing and Debugging Programs by Symbolic Execution},
 booktitle = {Proceedings of the International Conference on Reliable Software},
 year = {1975},
 location = {Los Angeles, California},
 pages = {234--245},
 numpages = {12},
 url = {http://doi.acm.org/10.1145/800027.808445},
 doi = {10.1145/800027.808445},
 acmid = {808445},
 publisher = {ACM},
 address = {New York, NY, USA},
 keywords = {Program debugging, Program testing, Program verification, Solution of systems of inequalities, Symbolic execution, Test data generation},
} 

@article{Boyer:1975:SFS:390016.808445,
 author = {Boyer, Robert S. and Elspas, Bernard and Levitt, Karl N.},
 title = {SELECT\&Mdash;a Formal System for Testing and Debugging Programs by Symbolic Execution},
 journal = {SIGPLAN Not.},
 issue_date = {June 1975},
 volume = {10},
 number = {6},
 month = apr,
 year = {1975},
 issn = {0362-1340},
 pages = {234--245},
 numpages = {12},
 url = {http://doi.acm.org/10.1145/390016.808445},
 doi = {10.1145/390016.808445},
 acmid = {808445},
 publisher = {ACM},
 address = {New York, NY, USA},
 keywords = {Program debugging, Program testing, Program verification, Solution of systems of inequalities, Symbolic execution, Test data generation},
} 


@inproceedings{VizelG09,
  author    = {Yakir Vizel and
               Orna Grumberg},
  title     = {Interpolation-sequence based model checking},
  booktitle = {Proceedings of 9th International Conference on Formal Methods in Computer-Aided
               Design, {FMCAD} 2009, 15-18 November 2009, Austin, Texas, {USA}},
  pages     = {1--8},
  year      = {2009},
  crossref  = {DBLP:conf/fmcad/2009},
  url       = {http://dx.doi.org/10.1109/FMCAD.2009.5351148},
  doi       = {10.1109/FMCAD.2009.5351148},
  timestamp = {Wed, 27 Jan 2010 15:12:16 +0100},
  biburl    = {http://dblp.uni-trier.de/rec/bib/conf/fmcad/VizelG09},
  bibsource = {dblp computer science bibliography, http://dblp.org}
}
@proceedings{DBLP:conf/fmcad/2009,
  title     = {Proceedings of 9th International Conference on Formal Methods in Computer-Aided
               Design, {FMCAD} 2009, 15-18 November 2009, Austin, Texas, {USA}},
  publisher = {{IEEE}},
  year      = {2009},
  isbn      = {978-1-4244-4966-8},
  timestamp = {Wed, 27 Jan 2010 15:11:36 +0100},
  biburl    = {http://dblp.uni-trier.de/rec/bib/conf/fmcad/2009},
  bibsource = {dblp computer science bibliography, http://dblp.org}
}

@inproceedings{AlbarghouthiLGC12,
  author    = {Aws Albarghouthi and
               Yi Li and
               Arie Gurfinkel and
               Marsha Chechik},
  title     = {Ufo: {A} Framework for Abstraction- and Interpolation-Based Software
               Verification},
  booktitle = {Computer Aided Verification - 24th International Conference, {CAV}
               2012, Berkeley, CA, USA, July 7-13, 2012 Proceedings},
  pages     = {672--678},
  year      = {2012},
  crossref  = {DBLP:conf/cav/2012},
  url       = {http://dx.doi.org/10.1007/978-3-642-31424-7_48},
  doi       = {10.1007/978-3-642-31424-7_48},
  timestamp = {Tue, 03 Jul 2012 08:52:37 +0200},
  biburl    = {http://dblp.uni-trier.de/rec/bib/conf/cav/AlbarghouthiLGC12},
  bibsource = {dblp computer science bibliography, http://dblp.org}
}
@proceedings{DBLP:conf/cav/2012,
  editor    = {P. Madhusudan and
               Sanjit A. Seshia},
  title     = {Computer Aided Verification - 24th International Conference, {CAV}
               2012, Berkeley, CA, USA, July 7-13, 2012 Proceedings},
  series    = {Lecture Notes in Computer Science},
  volume    = {7358},
  publisher = {Springer},
  year      = {2012},
  url       = {http://dx.doi.org/10.1007/978-3-642-31424-7},
  doi       = {10.1007/978-3-642-31424-7},
  isbn      = {978-3-642-31423-0},
  timestamp = {Tue, 03 Jul 2012 08:38:09 +0200},
  biburl    = {http://dblp.uni-trier.de/rec/bib/conf/cav/2012},
  bibsource = {dblp computer science bibliography, http://dblp.org}
}


@article{Shostak84,
  author    = {Robert E. Shostak},
  title     = {Deciding Combinations of Theories},
  journal   = {J. {ACM}},
  volume    = {31},
  number    = {1},
  pages     = {1--12},
  year      = {1984},
  url       = {http://doi.acm.org/10.1145/2422.322411},
  doi       = {10.1145/2422.322411},
  timestamp = {Thu, 20 Nov 2003 12:28:22 +0100},
  biburl    = {http://dblp.uni-trier.de/rec/bib/journals/jacm/Shostak84},
  bibsource = {dblp computer science bibliography, http://dblp.org}
}

@article{DowneySethiTarjan,
 author = {Downey, Peter J. and Sethi, Ravi and Tarjan, Robert Endre},
 title = {Variations on the Common Subexpression Problem},
 journal = {J. ACM},
 issue_date = {Oct. 1980},
 volume = {27},
 number = {4},
 month = oct,
 year = {1980},
 issn = {0004-5411},
 pages = {758--771},
 numpages = {14},
 url = {http://doi.acm.org/10.1145/322217.322228},
 doi = {10.1145/322217.322228},
 acmid = {322228},
 publisher = {ACM},
 address = {New York, NY, USA},
} 

@inproceedings{Cyrluk96onshostak,
 author = {Cyrluk, David and Lincoln, Patrick and Shankar, Natarajan},
 title = {On Shostak's Decision Procedure for Combinations of Theories},
 booktitle = {Proceedings of the 13th International Conference on Automated Deduction: Automated Deduction},
 series = {CADE-13},
 year = {1996},
 isbn = {3-540-61511-3},
 pages = {463--477},
 numpages = {15},
 url = {http://dl.acm.org/citation.cfm?id=648232.753134},
 acmid = {753134},
 publisher = {Springer-Verlag},
 address = {London, UK, UK},
} 

@inproceedings{Ganzinger02,
  author    = {Harald Ganzinger},
  title     = {Shostak Light},
  booktitle = {Automated Deduction - CADE-18, 18th International Conference on Automated
               Deduction, Copenhagen, Denmark, July 27-30, 2002, Proceedings},
  pages     = {332--346},
  year      = {2002},
  crossref  = {DBLP:conf/cade/2002},
  url       = {http://dx.doi.org/10.1007/3-540-45620-1_28},
  doi       = {10.1007/3-540-45620-1_28},
  timestamp = {Thu, 30 Jun 2011 15:57:15 +0200},
  biburl    = {http://dblp.uni-trier.de/rec/bib/conf/cade/Ganzinger02},
  bibsource = {dblp computer science bibliography, http://dblp.org}
}
@proceedings{DBLP:conf/cade/2002,
  editor    = {Andrei Voronkov},
  title     = {Automated Deduction - CADE-18, 18th International Conference on Automated
               Deduction, Copenhagen, Denmark, July 27-30, 2002, Proceedings},
  series    = {Lecture Notes in Computer Science},
  volume    = {2392},
  publisher = {Springer},
  year      = {2002},
  isbn      = {3-540-43931-5},
  timestamp = {Thu, 11 Jul 2002 13:28:39 +0200},
  biburl    = {http://dblp.uni-trier.de/rec/bib/conf/cade/2002},
  bibsource = {dblp computer science bibliography, http://dblp.org}
}

@article{AbstractCongruenceClosure,
  author    = {Leo Bachmair and
               Ashish Tiwari and
               Laurent Vigneron},
  title     = {Abstract Congruence Closure},
  journal   = {J. Autom. Reasoning},
  volume    = {31},
  number    = {2},
  pages     = {129--168},
  year      = {2003},
  url       = {http://dx.doi.org/10.1023/B:JARS.0000009518.26415.49},
  doi       = {10.1023/B:JARS.0000009518.26415.49},
  timestamp = {Wed, 04 Feb 2004 12:32:53 +0100},
  biburl    = {http://dblp.uni-trier.de/rec/bib/journals/jar/BachmairTV03},
  bibsource = {dblp computer science bibliography, http://dblp.org}
}

@proceedings{JoinUIF,
  editor    = {Kamal Lodaya and
               Meena Mahajan},
  title     = {{FSTTCS} 2004: Foundations of Software Technology and Theoretical
               Computer Science, 24th International Conference, Chennai, India, December
               16-18, 2004, Proceedings},
  series    = {Lecture Notes in Computer Science},
  volume    = {3328},
  publisher = {Springer},
  year      = {2004},
  isbn      = {3-540-24058-6},
  timestamp = {Mon, 13 Dec 2004 11:23:17 +0100},
  biburl    = {http://dblp.uni-trier.de/rec/bib/conf/fsttcs/2004},
  bibsource = {dblp computer science bibliography, http://dblp.org}
}

@article{Vagvolgyi03b,
  author    = {S{\'{a}}ndor V{\'{a}}gv{\"{o}}lgyi},
  title     = {Intersection of finitely generated congruences over term algebra},
  journal   = {Theor. Comput. Sci.},
  volume    = {300},
  number    = {1-3},
  pages     = {209--234},
  year      = {2003},
  url       = {http://dx.doi.org/10.1016/S0304-3975(02)00080-4},
  doi       = {10.1016/S0304-3975(02)00080-4},
  timestamp = {Mon, 25 Jul 2005 08:11:25 +0200},
  biburl    = {http://dblp.uni-trier.de/rec/bib/journals/tcs/Vagvolgyi03b},
  bibsource = {dblp computer science bibliography, http://dblp.org}
}


@inproceedings{RuessS01,
  author    = {Harald Rue{\ss} and
               Natarajan Shankar},
  title     = {Deconstructing Shostak},
  booktitle = {16th Annual {IEEE} Symposium on Logic in Computer Science, Boston,
               Massachusetts, USA, June 16-19, 2001, Proceedings},
  pages     = {19--28},
  year      = {2001},
  crossref  = {DBLP:conf/lics/2001},
  url       = {http://dx.doi.org/10.1109/LICS.2001.932479},
  doi       = {10.1109/LICS.2001.932479},
  timestamp = {Sat, 22 Nov 2014 13:44:41 +0100},
  biburl    = {http://dblp.uni-trier.de/rec/bib/conf/lics/RuessS01},
  bibsource = {dblp computer science bibliography, http://dblp.org}
}
@proceedings{DBLP:conf/lics/2001,
  title     = {16th Annual {IEEE} Symposium on Logic in Computer Science, Boston,
               Massachusetts, USA, June 16-19, 2001, Proceedings},
  publisher = {{IEEE} Computer Society},
  year      = {2001},
  url       = {http://ieeexplore.ieee.org/xpl/mostRecentIssue.jsp?punumber=7424},
  isbn      = {0-7695-1281-X},
  timestamp = {Fri, 21 Nov 2014 14:08:56 +0100},
  biburl    = {http://dblp.uni-trier.de/rec/bib/conf/lics/2001},
  bibsource = {dblp computer science bibliography, http://dblp.org}
}

@inproceedings{BachmairTiwari00,
  author    = {Leo Bachmair and
               Ashish Tiwari},
  title     = {Abstract Congruence Closure and Specializations},
  booktitle = {Automated Deduction - CADE-17, 17th International Conference on Automated
               Deduction, Pittsburgh, PA, USA, June 17-20, 2000, Proceedings},
  pages     = {64--78},
  year      = {2000},
  crossref  = {DBLP:conf/cade/2000},
  url       = {http://dx.doi.org/10.1007/10721959_5},
  doi       = {10.1007/10721959_5},
  timestamp = {Mon, 12 Oct 2009 14:14:26 +0200},
  biburl    = {http://dblp2.uni-trier.de/rec/bib/conf/cade/BachmairT00},
  bibsource = {dblp computer science bibliography, http://dblp.org}
}
@proceedings{DBLP:conf/cade/2000,
  editor    = {David A. McAllester},
  title     = {Automated Deduction - CADE-17, 17th International Conference on Automated
               Deduction, Pittsburgh, PA, USA, June 17-20, 2000, Proceedings},
  series    = {Lecture Notes in Computer Science},
  volume    = {1831},
  publisher = {Springer},
  year      = {2000},
  isbn      = {3-540-67664-3},
  timestamp = {Thu, 24 Jan 2002 16:11:50 +0100},
  biburl    = {http://dblp2.uni-trier.de/rec/bib/conf/cade/2000},
  bibsource = {dblp computer science bibliography, http://dblp.org}
}

@article{GulwaniNecula07,
  author    = {Sumit Gulwani and
               George C. Necula},
  title     = {A polynomial-time algorithm for global value numbering},
  journal   = {Sci. Comput. Program.},
  volume    = {64},
  number    = {1},
  pages     = {97--114},
  year      = {2007},
  url       = {http://dx.doi.org/10.1016/j.scico.2006.03.005},
  doi       = {10.1016/j.scico.2006.03.005},
  timestamp = {Fri, 30 Mar 2007 09:05:30 +0200},
  biburl    = {http://dblp.uni-trier.de/rec/bib/journals/scp/GulwaniN07},
  bibsource = {dblp computer science bibliography, http://dblp.org}
}

@incollection{NieuwenhuisOliveras03,
	year={2003},
	isbn={978-3-540-20101-4},
	booktitle={Logic for Programming, Artificial Intelligence, and Reasoning},
	volume={2850},
	series={Lecture Notes in Computer Science},
	editor={Vardi, MosheY. and Voronkov, Andrei},
	doi={10.1007/978-3-540-39813-4_5},
	title={Congruence Closure with Integer Offsets},
	url={http://dx.doi.org/10.1007/978-3-540-39813-4_5},
	publisher={Springer Berlin Heidelberg},
	author={Nieuwenhuis, Robert and Oliveras, Albert},
	pages={78-90},
	language={English}
}

@incollection{RuethingKnoopSteffen99,
	year={1999},
	isbn={978-3-540-66459-8},
	booktitle={Static Analysis},
	volume={1694},
	series={Lecture Notes in Computer Science},
	editor={Cortesi, Agostino and Filé, Gilberto},
	doi={10.1007/3-540-48294-6_15},
	title={Detecting Equalities of Variables: Combining Efficiency with Precision},
	url={http://dx.doi.org/10.1007/3-540-48294-6_15},
	publisher={Springer Berlin Heidelberg},
	author={Rüthing, Oliver and Knoop, Jens and Steffen, Bernhard},
	pages={232-247},
	language={English}
}

@inproceedings{Kildall73,
 author = {Kildall, Gary A.},
 title = {A Unified Approach to Global Program Optimization},
 booktitle = {Proceedings of the 1st Annual ACM SIGACT-SIGPLAN Symposium on Principles of Programming Languages},
 series = {POPL '73},
 year = {1973},
 location = {Boston, Massachusetts},
 pages = {194--206},
 numpages = {13},
 url = {http://doi.acm.org/10.1145/512927.512945},
 doi = {10.1145/512927.512945},
 acmid = {512945},
 publisher = {ACM},
 address = {New York, NY, USA},
} 


@inproceedings{BjornerGurfinkelKorovinLahav2013,
  author    = {Nikolaj Bj{\o}rner and
               Arie Gurfinkel and
               Konstantin Korovin and
               Ori Lahav},
  title     = {Instantiations, Zippers and {EPR} Interpolation},
  booktitle = {{LPAR} 2013, 19th International Conference on Logic for Programming,
               Artificial Intelligence and Reasoning, December 12-17, 2013, Stellenbosch,
               South Africa, Short papers proceedings},
  pages     = {35--41},
  year      = {2013},
  crossref  = {DBLP:conf/lpar/2013s},
  url       = {http://www.easychair.org/publications/?page=275044893},
  timestamp = {Tue, 05 Aug 2014 11:35:14 +0200},
  biburl    = {http://dblp.uni-trier.de/rec/bib/conf/lpar/BjornerGKL13},
  bibsource = {dblp computer science bibliography, http://dblp.org}
}
@proceedings{DBLP:conf/lpar/2013s,
  editor    = {Kenneth L. McMillan and
               Aart Middeldorp and
               Geoff Sutcliffe and
               Andrei Voronkov},
  title     = {{LPAR} 2013, 19th International Conference on Logic for Programming,
               Artificial Intelligence and Reasoning, December 12-17, 2013, Stellenbosch,
               South Africa, Short papers proceedings},
  series    = {EPiC Series},
  volume    = {26},
  publisher = {EasyChair},
  year      = {2014},
  url       = {http://www.easychair.org/publications/?page=668528027},
  timestamp = {Tue, 05 Aug 2014 11:33:34 +0200},
  biburl    = {http://dblp.uni-trier.de/rec/bib/conf/lpar/2013s},
  bibsource = {dblp computer science bibliography, http://dblp.org}
}

@inproceedings{Bradley12,
  author    = {Aaron R. Bradley},
  title     = {Understanding {IC3}},
  booktitle = {Theory and Applications of Satisfiability Testing - {SAT} 2012 - 15th
               International Conference, Trento, Italy, June 17-20, 2012. Proceedings},
  pages     = {1--14},
  year      = {2012},
  crossref  = {DBLP:conf/sat/2012},
  url       = {http://dx.doi.org/10.1007/978-3-642-31612-8_1},
  doi       = {10.1007/978-3-642-31612-8_1},
  timestamp = {Mon, 18 Jun 2012 12:30:05 +0200},
  biburl    = {http://dblp.uni-trier.de/rec/bib/conf/sat/Bradley12},
  bibsource = {dblp computer science bibliography, http://dblp.org}
}
@proceedings{DBLP:conf/sat/2012,
  editor    = {Alessandro Cimatti and
               Roberto Sebastiani},
  title     = {Theory and Applications of Satisfiability Testing - {SAT} 2012 - 15th
               International Conference, Trento, Italy, June 17-20, 2012. Proceedings},
  series    = {Lecture Notes in Computer Science},
  volume    = {7317},
  publisher = {Springer},
  year      = {2012},
  url       = {http://dx.doi.org/10.1007/978-3-642-31612-8},
  doi       = {10.1007/978-3-642-31612-8},
  isbn      = {978-3-642-31611-1},
  timestamp = {Mon, 18 Jun 2012 12:23:11 +0200},
  biburl    = {http://dblp.uni-trier.de/rec/bib/conf/sat/2012},
  bibsource = {dblp computer science bibliography, http://dblp.org}
}


@inproceedings{BjornerGurfinkel2015,
  author    = {Nikolaj Bj{\o}rner and
               Arie Gurfinkel},
  title     = {Property Directed Polyhedral Abstraction},
  booktitle = {Verification, Model Checking, and Abstract Interpretation - 16th International
               Conference, {VMCAI} 2015, Mumbai, India, January 12-14, 2015. Proceedings},
  pages     = {263--281},
  year      = {2015},
  crossref  = {DBLP:conf/vmcai/2015},
  url       = {http://dx.doi.org/10.1007/978-3-662-46081-8_15},
  doi       = {10.1007/978-3-662-46081-8_15},
  timestamp = {Fri, 12 Dec 2014 12:30:11 +0100},
  biburl    = {http://dblp.uni-trier.de/rec/bib/conf/vmcai/BjornerG15},
  bibsource = {dblp computer science bibliography, http://dblp.org}
}
@proceedings{DBLP:conf/vmcai/2015,
  editor    = {Deepak D'Souza and
               Akash Lal and
               Kim Guldstrand Larsen},
  title     = {Verification, Model Checking, and Abstract Interpretation - 16th International
               Conference, {VMCAI} 2015, Mumbai, India, January 12-14, 2015. Proceedings},
  series    = {Lecture Notes in Computer Science},
  volume    = {8931},
  publisher = {Springer},
  year      = {2014},
  url       = {http://dx.doi.org/10.1007/978-3-662-46081-8},
  doi       = {10.1007/978-3-662-46081-8},
  isbn      = {978-3-662-46080-1},
  timestamp = {Fri, 12 Dec 2014 12:27:22 +0100},
  biburl    = {http://dblp.uni-trier.de/rec/bib/conf/vmcai/2015},
  bibsource = {dblp computer science bibliography, http://dblp.org}
}

@article{BaumgartnerPelzerTinelli12,
  author    = {Peter Baumgartner and
               Bj{\"{o}}rn Pelzer and
               Cesare Tinelli},
  title     = {Model Evolution with equality - Revised and implemented},
  journal   = {J. Symb. Comput.},
  volume    = {47},
  number    = {9},
  pages     = {1011--1045},
  year      = {2012},
  url       = {http://dx.doi.org/10.1016/j.jsc.2011.12.031},
  doi       = {10.1016/j.jsc.2011.12.031},
  timestamp = {Wed, 20 Jun 2012 11:56:57 +0200},
  biburl    = {http://dblp.uni-trier.de/rec/bib/journals/jsc/BaumgartnerPT12},
  bibsource = {dblp computer science bibliography, http://dblp.org}
}



@inproceedings{VizelGurfinkel2014,
  author    = {Yakir Vizel and
               Arie Gurfinkel},
  title     = {Interpolating Property Directed Reachability},
  booktitle = {Computer Aided Verification - 26th International Conference, {CAV}
               2014, Held as Part of the Vienna Summer of Logic, {VSL} 2014, Vienna,
               Austria, July 18-22, 2014. Proceedings},
  pages     = {260--276},
  year      = {2014},
  crossref  = {CAV2014},
  url       = {http://dx.doi.org/10.1007/978-3-319-08867-9_17},
  doi       = {10.1007/978-3-319-08867-9_17},
  timestamp = {Mon, 30 Jun 2014 11:31:20 +0200},
  biburl    = {http://dblp.uni-trier.de/rec/bib/conf/cav/VizelG14},
  bibsource = {dblp computer science bibliography, http://dblp.org}
}

@inproceedings{BaylessValBallHoosHu2013,
  author    = {Sam Bayless and
               Celina G. Val and
               Thomas Ball and
               Holger H. Hoos and
               Alan J. Hu},
  title     = {Efficient modular {SAT} solving for {IC3}},
  booktitle = {Formal Methods in Computer-Aided Design, {FMCAD} 2013, Portland, OR,
               USA, October 20-23, 2013},
  pages     = {149--156},
  year      = {2013},
  crossref  = {DBLP:conf/fmcad/2013},
  url       = {http://ieeexplore.ieee.org/xpl/freeabs_all.jsp?arnumber=6679404},
  timestamp = {Wed, 11 Dec 2013 12:09:47 +0100},
  biburl    = {http://dblp.uni-trier.de/rec/bib/conf/fmcad/BaylessVBHH13},
  bibsource = {dblp computer science bibliography, http://dblp.org}
}

@article{McMillan05,
  author    = {Kenneth L. McMillan},
  title     = {An interpolating theorem prover},
  journal   = {Theor. Comput. Sci.},
  volume    = {345},
  number    = {1},
  pages     = {101--121},
  year      = {2005},
  url       = {http://dx.doi.org/10.1016/j.tcs.2005.07.003},
  doi       = {10.1016/j.tcs.2005.07.003},
  timestamp = {Tue, 10 Jan 2006 15:37:04 +0100},
  biburl    = {http://dblp.uni-trier.de/rec/bib/journals/tcs/McMillan05},
  bibsource = {dblp computer science bibliography, http://dblp.org}
}

@article{FuchsGoelGrundyKrsticTinelli2012,
  author    = {Alexander Fuchs and
               Amit Goel and
               Jim Grundy and
               Sava Krstic and
               Cesare Tinelli},
  title     = {Ground interpolation for the theory of equality},
  journal   = {Logical Methods in Computer Science},
  volume    = {8},
  number    = {1},
  year      = {2012},
  url       = {http://dx.doi.org/10.2168/LMCS-8(1:6)2012},
  doi       = {10.2168/LMCS-8(1:6)2012},
  timestamp = {Tue, 17 Apr 2012 19:37:54 +0200},
  biburl    = {http://dblp.uni-trier.de/rec/bib/journals/corr/abs-1111-5652},
  bibsource = {dblp computer science bibliography, http://dblp.org}
}

@article{BachmairGanzinger94,
  author    = {Leo Bachmair and
               Harald Ganzinger},
  title     = {Rewrite-Based Equational Theorem Proving with Selection and Simplification},
  journal   = {J. Log. Comput.},
  volume    = {4},
  number    = {3},
  pages     = {217--247},
  year      = {1994},
  url       = {http://dx.doi.org/10.1093/logcom/4.3.217},
  doi       = {10.1093/logcom/4.3.217},
  timestamp = {Wed, 29 Jun 2011 15:52:27 +0200},
  biburl    = {http://dblp.uni-trier.de/rec/bib/journals/logcom/BachmairG94},
  bibsource = {dblp computer science bibliography, http://dblp.org}
}

@inproceedings{McMillan08,
  author    = {Kenneth L. McMillan},
  title     = {Quantified Invariant Generation Using an Interpolating Saturation
               Prover},
  booktitle = {Tools and Algorithms for the Construction and Analysis of Systems,
               14th International Conference, {TACAS} 2008, Held as Part of the Joint
               European Conferences on Theory and Practice of Software, {ETAPS} 2008,
               Budapest, Hungary, March 29-April 6, 2008. Proceedings},
  pages     = {413--427},
  year      = {2008},
  crossref  = {DBLP:conf/tacas/2008},
  url       = {http://dx.doi.org/10.1007/978-3-540-78800-3_31},
  doi       = {10.1007/978-3-540-78800-3_31},
  timestamp = {Thu, 28 May 2015 17:23:18 +0200},
  biburl    = {http://dblp.uni-trier.de/rec/bib/conf/tacas/McMillan08},
  bibsource = {dblp computer science bibliography, http://dblp.org}
}
@inproceedings{BachmairGanzingerWaldmann92,
  author    = {Leo Bachmair and
               Harald Ganzinger and
               Uwe Waldmann},
  title     = {Theorem Proving for Hierarchic First-Order Theories},
  booktitle = {Algebraic and Logic Programming, Third International Conference, Volterra,
               Italy, September 2-4, 1992, Proceedings},
  pages     = {420--434},
  year      = {1992},
  crossref  = {DBLP:conf/alp/1992},
  url       = {http://dx.doi.org/10.1007/BFb0013841},
  doi       = {10.1007/BFb0013841},
  timestamp = {Wed, 14 Oct 2009 12:08:20 +0200},
  biburl    = {http://dblp.uni-trier.de/rec/bib/conf/alp/BachmairGW92},
  bibsource = {dblp computer science bibliography, http://dblp.org}
}
@proceedings{DBLP:conf/alp/1992,
  editor    = {H{\'{e}}l{\`{e}}ne Kirchner and
               Giorgio Levi},
  title     = {Algebraic and Logic Programming, Third International Conference, Volterra,
               Italy, September 2-4, 1992, Proceedings},
  series    = {Lecture Notes in Computer Science},
  volume    = {632},
  publisher = {Springer},
  year      = {1992},
  isbn      = {3-540-55873-X},
  timestamp = {Mon, 04 Feb 2002 16:18:03 +0100},
  biburl    = {http://dblp.uni-trier.de/rec/bib/conf/alp/1992},
  bibsource = {dblp computer science bibliography, http://dblp.org}
}

@inproceedings{KovacsVoronkov09,
  author    = {Laura Kov{\'{a}}cs and
               Andrei Voronkov},
  title     = {Interpolation and Symbol Elimination},
  booktitle = {Automated Deduction - CADE-22, 22nd International Conference on Automated
               Deduction, Montreal, Canada, August 2-7, 2009. Proceedings},
  pages     = {199--213},
  year      = {2009},
  crossref  = {DBLP:conf/cade/2009},
  url       = {http://dx.doi.org/10.1007/978-3-642-02959-2_17},
  doi       = {10.1007/978-3-642-02959-2_17},
  timestamp = {Wed, 29 Jul 2009 15:18:30 +0200},
  biburl    = {http://dblp.uni-trier.de/rec/bib/conf/cade/KovacsV09},
  bibsource = {dblp computer science bibliography, http://dblp.org}
}
@proceedings{DBLP:conf/cade/2009,
  editor    = {Renate A. Schmidt},
  title     = {Automated Deduction - CADE-22, 22nd International Conference on Automated
               Deduction, Montreal, Canada, August 2-7, 2009. Proceedings},
  series    = {Lecture Notes in Computer Science},
  volume    = {5663},
  publisher = {Springer},
  year      = {2009},
  url       = {http://dx.doi.org/10.1007/978-3-642-02959-2},
  doi       = {10.1007/978-3-642-02959-2},
  isbn      = {978-3-642-02958-5},
  timestamp = {Wed, 29 Jul 2009 15:18:20 +0200},
  biburl    = {http://dblp.uni-trier.de/rec/bib/conf/cade/2009},
  bibsource = {dblp computer science bibliography, http://dblp.org}
}


@inproceedings{WinklerZanklMiddeldorp12,
  author    = {Sarah Winkler and
               Harald Zankl and
               Aart Middeldorp},
  title     = {Ordinals and Knuth-Bendix Orders},
  booktitle = {Logic for Programming, Artificial Intelligence, and Reasoning - 18th
               International Conference, LPAR-18, M{\'{e}}rida, Venezuela, March
               11-15, 2012. Proceedings},
  pages     = {420--434},
  year      = {2012},
  crossref  = {DBLP:conf/lpar/2012},
  url       = {http://dx.doi.org/10.1007/978-3-642-28717-6_33},
  doi       = {10.1007/978-3-642-28717-6_33},
  timestamp = {Wed, 07 Mar 2012 15:25:04 +0100},
  biburl    = {http://dblp.uni-trier.de/rec/bib/conf/lpar/WinklerZM12},
  bibsource = {dblp computer science bibliography, http://dblp.org}
}
@proceedings{DBLP:conf/lpar/2012,
  editor    = {Nikolaj Bj{\o}rner and
               Andrei Voronkov},
  title     = {Logic for Programming, Artificial Intelligence, and Reasoning - 18th
               International Conference, LPAR-18, M{\'{e}}rida, Venezuela, March
               11-15, 2012. Proceedings},
  series    = {Lecture Notes in Computer Science},
  volume    = {7180},
  publisher = {Springer},
  year      = {2012},
  url       = {http://dx.doi.org/10.1007/978-3-642-28717-6},
  doi       = {10.1007/978-3-642-28717-6},
  isbn      = {978-3-642-28716-9},
  timestamp = {Wed, 07 Mar 2012 15:20:30 +0100},
  biburl    = {http://dblp.uni-trier.de/rec/bib/conf/lpar/2012},
  bibsource = {dblp computer science bibliography, http://dblp.org}
}



@inproceedings{KovacsMoserVoronkov11,
  author    = {Laura Kov{\'{a}}cs and
               Georg Moser and
               Andrei Voronkov},
  title     = {On Transfinite Knuth-Bendix Orders},
  booktitle = {Automated Deduction - {CADE-23} - 23rd International Conference on
               Automated Deduction, Wroclaw, Poland, July 31 - August 5, 2011. Proceedings},
  pages     = {384--399},
  year      = {2011},
  crossref  = {DBLP:conf/cade/2011},
  url       = {http://dx.doi.org/10.1007/978-3-642-22438-6_29},
  doi       = {10.1007/978-3-642-22438-6_29},
  timestamp = {Tue, 16 Aug 2011 09:52:52 +0200},
  biburl    = {http://dblp.uni-trier.de/rec/bib/conf/cade/KovacsMV11},
  bibsource = {dblp computer science bibliography, http://dblp.org}
}
@proceedings{DBLP:conf/cade/2011,
  editor    = {Nikolaj Bj{\o}rner and
               Viorica Sofronie{-}Stokkermans},
  title     = {Automated Deduction - {CADE-23} - 23rd International Conference on
               Automated Deduction, Wroclaw, Poland, July 31 - August 5, 2011. Proceedings},
  series    = {Lecture Notes in Computer Science},
  volume    = {6803},
  publisher = {Springer},
  year      = {2011},
  url       = {http://dx.doi.org/10.1007/978-3-642-22438-6},
  doi       = {10.1007/978-3-642-22438-6},
  isbn      = {978-3-642-22437-9},
  timestamp = {Tue, 16 Aug 2011 09:40:35 +0200},
  biburl    = {http://dblp.uni-trier.de/rec/bib/conf/cade/2011},
  bibsource = {dblp computer science bibliography, http://dblp.org}
}
@article{DegtyarevNieuwenhuisVoronkov03,
  author    = {Anatoli Degtyarev and
               Robert Nieuwenhuis and
               Andrei Voronkov},
  title     = {Stratified resolution},
  journal   = {J. Symb. Comput.},
  volume    = {36},
  number    = {1-2},
  pages     = {79--99},
  year      = {2003},
  url       = {http://dx.doi.org/10.1016/S0747-7171(03)00036-1},
  doi       = {10.1016/S0747-7171(03)00036-1},
  timestamp = {Wed, 19 Nov 2003 16:23:32 +0100},
  biburl    = {http://dblp.uni-trier.de/rec/bib/journals/jsc/DegtyarevNV03},
  bibsource = {dblp computer science bibliography, http://dblp.org}
}


@article{Hyperrectangles,
year={2011},
issn={1384-5810},
journal={Data Mining and Knowledge Discovery},
volume={23},
number={2},
doi={10.1007/s10618-010-0203-9},
title={Summarizing transactional databases with overlapped hyperrectangles},
url={http://dx.doi.org/10.1007/s10618-010-0203-9},
publisher={Springer US},
keywords={Hyperrectangle; Tile; Set cover; Summarization; Transactional database; Frequent itemset mining},
author={Xiang, Yang and Jin, Ruoming and Fuhry, David and Dragan, FeodorF.},
pages={215-251},
language={English}
}


@INPROCEEDINGS{Mccarthy62towardsa,
    author = {J. Mccarthy},
    title = {Towards a Mathematical Science of Computation},
    booktitle = {In IFIP Congress},
    year = {1962},
    pages = {21--28},
    publisher = {North-Holland}
}


@inproceedings{ChangLeino2005,
 author = {Chang, Bor-Yuh Evan and Leino, K. Rustan M.},
 title = {Abstract Interpretation with Alien Expressions and Heap Structures},
 booktitle = {Proceedings of the 6th International Conference on Verification, Model Checking, and Abstract Interpretation},
 series = {VMCAI'05},
 year = {2005},
 isbn = {3-540-24297-X, 978-3-540-24297-0},
 location = {Paris, France},
 pages = {147--163},
 numpages = {17},
 url = {http://dx.doi.org/10.1007/978-3-540-30579-8_11},
 doi = {10.1007/978-3-540-30579-8_11},
 acmid = {2131770},
 publisher = {Springer-Verlag},
 address = {Berlin, Heidelberg},
} 


@inproceedings{McMillan03,
  author    = {Kenneth L. McMillan},
  title     = {Craig Interpolation and Reachability Analysis},
  booktitle = {Static Analysis, 10th International Symposium, {SAS} 2003, San Diego,
               CA, USA, June 11-13, 2003, Proceedings},
  pages     = {336},
  year      = {2003},
  crossref  = {DBLP:conf/sas/2003},
  url       = {http://dx.doi.org/10.1007/3-540-44898-5_18},
  doi       = {10.1007/3-540-44898-5_18},
  timestamp = {Tue, 05 Jul 2011 11:08:58 +0200},
  biburl    = {http://dblp.uni-trier.de/rec/bib/conf/sas/McMillan03},
  bibsource = {dblp computer science bibliography, http://dblp.org}
}

@article{Craig57,
  author    = {William Craig},
  title     = {Linear Reasoning. {A} New Form of the Herbrand-Gentzen Theorem},
  journal   = {J. Symb. Log.},
  volume    = {22},
  number    = {3},
  pages     = {250--268},
  year      = {1957},
  url       = {http://dx.doi.org/10.2307/2963593},
  doi       = {10.2307/2963593},
  timestamp = {Tue, 05 Aug 2014 16:36:24 +0200},
  biburl    = {http://dblp.uni-trier.de/rec/bib/journals/jsyml/Craig57},
  bibsource = {dblp computer science bibliography, http://dblp.org}
}
@article{Craig57a,
  author    = {William Craig},
  title     = {Three Uses of the Herbrand-Gentzen Theorem in Relating Model Theory
               and Proof Theory},
  journal   = {J. Symb. Log.},
  volume    = {22},
  number    = {3},
  pages     = {269--285},
  year      = {1957},
  url       = {http://dx.doi.org/10.2307/2963594},
  doi       = {10.2307/2963594},
  timestamp = {Tue, 05 Aug 2014 16:36:12 +0200},
  biburl    = {http://dblp.uni-trier.de/rec/bib/journals/jsyml/Craig57a},
  bibsource = {dblp computer science bibliography, http://dblp.org}
}

@inproceedings{McMillan04,
  author    = {Kenneth L. McMillan},
  title     = {An Interpolating Theorem Prover},
  booktitle = {Tools and Algorithms for the Construction and Analysis of Systems,
               10th International Conference, {TACAS} 2004, Held as Part of the Joint
               European Conferences on Theory and Practice of Software, {ETAPS} 2004,
               Barcelona, Spain, March 29 - April 2, 2004, Proceedings},
  pages     = {16--30},
  year      = {2004},
  crossref  = {DBLP:conf/tacas/2004},
  url       = {http://dx.doi.org/10.1007/978-3-540-24730-2_2},
  doi       = {10.1007/978-3-540-24730-2_2},
  timestamp = {Wed, 06 Jul 2011 21:22:09 +0200},
  biburl    = {http://dblp.uni-trier.de/rec/bib/conf/tacas/McMillan04},
  bibsource = {dblp computer science bibliography, http://dblp.org}
}
@proceedings{DBLP:conf/tacas/2004,
  editor    = {Kurt Jensen and
               Andreas Podelski},
  title     = {Tools and Algorithms for the Construction and Analysis of Systems,
               10th International Conference, {TACAS} 2004, Held as Part of the Joint
               European Conferences on Theory and Practice of Software, {ETAPS} 2004,
               Barcelona, Spain, March 29 - April 2, 2004, Proceedings},
  series    = {Lecture Notes in Computer Science},
  volume    = {2988},
  publisher = {Springer},
  year      = {2004},
  isbn      = {3-540-21299-X},
  timestamp = {Wed, 10 Mar 2004 12:00:55 +0100},
  biburl    = {http://dblp.uni-trier.de/rec/bib/conf/tacas/2004},
  bibsource = {dblp computer science bibliography, http://dblp.org}
}


@inproceedings{YorshMusuvathi05,
  author    = {Greta Yorsh and
               Madanlal Musuvathi},
  title     = {A Combination Method for Generating Interpolants},
  booktitle = {Automated Deduction - CADE-20, 20th International Conference on Automated
               Deduction, Tallinn, Estonia, July 22-27, 2005, Proceedings},
  pages     = {353--368},
  year      = {2005},
  crossref  = {DBLP:conf/cade/2005},
  url       = {http://dx.doi.org/10.1007/11532231_26},
  doi       = {10.1007/11532231_26},
  timestamp = {Fri, 07 Oct 2005 14:44:19 +0200},
  biburl    = {http://dblp.uni-trier.de/rec/bib/conf/cade/YorshM05},
  bibsource = {dblp computer science bibliography, http://dblp.org}
}
@proceedings{DBLP:conf/cade/2005,
  editor    = {Robert Nieuwenhuis},
  title     = {Automated Deduction - CADE-20, 20th International Conference on Automated
               Deduction, Tallinn, Estonia, July 22-27, 2005, Proceedings},
  series    = {Lecture Notes in Computer Science},
  volume    = {3632},
  publisher = {Springer},
  year      = {2005},
  isbn      = {3-540-28005-7},
  timestamp = {Fri, 07 Oct 2005 14:44:19 +0200},
  biburl    = {http://dblp.uni-trier.de/rec/bib/conf/cade/2005},
  bibsource = {dblp computer science bibliography, http://dblp.org}
}



@article{BonacinaJohansson2015,
 author = {Bonacina, Maria Paola and Johansson, Moa},
 title = {Interpolation Systems for Ground Proofs in Automated Deduction: A Survey},
 journal = {J. Autom. Reason.},
 issue_date = {April     2015},
 volume = {54},
 number = {4},
 month = apr,
 year = {2015},
 issn = {0168-7433},
 pages = {353--390},
 numpages = {38},
 url = {http://dx.doi.org/10.1007/s10817-015-9325-5},
 doi = {10.1007/s10817-015-9325-5},
 acmid = {2756735},
 publisher = {Springer-Verlag New York, Inc.},
 address = {Secaucus, NJ, USA},
 keywords = {Decision procedures, Interpolation systems, Satisfiability modulo theories, Theory combination},
} 


@inproceedings{JhalaMcMillan06,
  author    = {Ranjit Jhala and
               Kenneth L. McMillan},
  title     = {A Practical and Complete Approach to Predicate Refinement},
  booktitle = {Tools and Algorithms for the Construction and Analysis of Systems,
               12th International Conference, {TACAS} 2006 Held as Part of the Joint
               European Conferences on Theory and Practice of Software, {ETAPS} 2006,
               Vienna, Austria, March 25 - April 2, 2006, Proceedings},
  pages     = {459--473},
  year      = {2006},
  crossref  = {DBLP:conf/tacas/2006},
  url       = {http://dx.doi.org/10.1007/11691372_33},
  doi       = {10.1007/11691372_33},
  timestamp = {Thu, 28 May 2015 17:23:18 +0200},
  biburl    = {http://dblp.uni-trier.de/rec/bib/conf/tacas/JhalaM06},
  bibsource = {dblp computer science bibliography, http://dblp.org}
}
@proceedings{DBLP:conf/tacas/2006,
  editor    = {Holger Hermanns and
               Jens Palsberg},
  title     = {Tools and Algorithms for the Construction and Analysis of Systems,
               12th International Conference, {TACAS} 2006 Held as Part of the Joint
               European Conferences on Theory and Practice of Software, {ETAPS} 2006,
               Vienna, Austria, March 25 - April 2, 2006, Proceedings},
  series    = {Lecture Notes in Computer Science},
  volume    = {3920},
  publisher = {Springer},
  year      = {2006},
  url       = {http://dx.doi.org/10.1007/11691372},
  doi       = {10.1007/11691372},
  isbn      = {3-540-33056-9},
  timestamp = {Thu, 28 May 2015 17:23:18 +0200},
  biburl    = {http://dblp.uni-trier.de/rec/bib/conf/tacas/2006},
  bibsource = {dblp computer science bibliography, http://dblp.org}
}



@TECHREPORT{McMillanRybalchenko2013,
  AUTHOR =        {Kenneth L. McMillan and Andrey Rybalchenko},
  TITLE =         {Solving Constrained Horn Clauses using Interpolation},
  NUMBER =        {MSR-TR-2013-6},
  INSTITUTION =   {Microsoft Research},
  YEAR  =         {2013},
}



@inproceedings{HoderKovacsVoronkov12,
  author    = {Krystof Hoder and
               Laura Kov{\'{a}}cs and
               Andrei Voronkov},
  title     = {Playing in the grey area of proofs},
  booktitle = {Proceedings of the 39th {ACM} {SIGPLAN-SIGACT} Symposium on Principles
               of Programming Languages, {POPL} 2012, Philadelphia, Pennsylvania,
               USA, January 22-28, 2012},
  pages     = {259--272},
  year      = {2012},
  crossref  = {DBLP:conf/popl/2012},
  url       = {http://doi.acm.org/10.1145/2103656.2103689},
  doi       = {10.1145/2103656.2103689},
  timestamp = {Tue, 22 May 2012 15:24:56 +0200},
  biburl    = {http://dblp.uni-trier.de/rec/bib/conf/popl/HoderKV12},
  bibsource = {dblp computer science bibliography, http://dblp.org}
}
@proceedings{DBLP:conf/popl/2012,
  editor    = {John Field and
               Michael Hicks},
  title     = {Proceedings of the 39th {ACM} {SIGPLAN-SIGACT} Symposium on Principles
               of Programming Languages, {POPL} 2012, Philadelphia, Pennsylvania,
               USA, January 22-28, 2012},
  publisher = {{ACM}},
  year      = {2012},
  url       = {http://dl.acm.org/citation.cfm?id=2103656},
  isbn      = {978-1-4503-1083-3},
  timestamp = {Tue, 22 May 2012 15:24:56 +0200},
  biburl    = {http://dblp.uni-trier.de/rec/bib/conf/popl/2012},
  bibsource = {dblp computer science bibliography, http://dblp.org}
}





@inproceedings{BlancGuptaKovacsKragl13,
  author    = {R{\'{e}}gis Blanc and
               Ashutosh Gupta and
               Laura Kov{\'{a}}cs and
               Bernhard Kragl},
  title     = {Tree Interpolation in Vampire},
  booktitle = {Logic for Programming, Artificial Intelligence, and Reasoning - 19th
               International Conference, LPAR-19, Stellenbosch, South Africa, December
               14-19, 2013. Proceedings},
  pages     = {173--181},
  year      = {2013},
  crossref  = {DBLP:conf/lpar/2013},
  url       = {http://dx.doi.org/10.1007/978-3-642-45221-5_13},
  doi       = {10.1007/978-3-642-45221-5_13},
  timestamp = {Fri, 20 Dec 2013 14:41:17 +0100},
  biburl    = {http://dblp.uni-trier.de/rec/bib/conf/lpar/BlancGKK13},
  bibsource = {dblp computer science bibliography, http://dblp.org}
}
@proceedings{DBLP:conf/lpar/2013,
  editor    = {Kenneth L. McMillan and
               Aart Middeldorp and
               Andrei Voronkov},
  title     = {Logic for Programming, Artificial Intelligence, and Reasoning - 19th
               International Conference, LPAR-19, Stellenbosch, South Africa, December
               14-19, 2013. Proceedings},
  series    = {Lecture Notes in Computer Science},
  volume    = {8312},
  publisher = {Springer},
  year      = {2013},
  url       = {http://dx.doi.org/10.1007/978-3-642-45221-5},
  doi       = {10.1007/978-3-642-45221-5},
  isbn      = {978-3-642-45220-8},
  timestamp = {Fri, 20 Dec 2013 14:36:05 +0100},
  biburl    = {http://dblp.uni-trier.de/rec/bib/conf/lpar/2013},
  bibsource = {dblp computer science bibliography, http://dblp.org}
}



@inproceedings{AlbarghouthiGurfinkelChechik12,
  author    = {Aws Albarghouthi and
               Arie Gurfinkel and
               Marsha Chechik},
  title     = {Craig Interpretation},
  booktitle = {Static Analysis - 19th International Symposium, {SAS} 2012, Deauville,
               France, September 11-13, 2012. Proceedings},
  pages     = {300--316},
  year      = {2012},
  crossref  = {DBLP:conf/sas/2012},
  url       = {http://dx.doi.org/10.1007/978-3-642-33125-1_21},
  doi       = {10.1007/978-3-642-33125-1_21},
  timestamp = {Tue, 04 Sep 2012 09:29:51 +0200},
  biburl    = {http://dblp.uni-trier.de/rec/bib/conf/sas/AlbarghouthiGC12},
  bibsource = {dblp computer science bibliography, http://dblp.org}
}
@proceedings{DBLP:conf/sas/2012,
  editor    = {Antoine Min{\'{e}} and
               David Schmidt},
  title     = {Static Analysis - 19th International Symposium, {SAS} 2012, Deauville,
               France, September 11-13, 2012. Proceedings},
  series    = {Lecture Notes in Computer Science},
  volume    = {7460},
  publisher = {Springer},
  year      = {2012},
  url       = {http://dx.doi.org/10.1007/978-3-642-33125-1},
  doi       = {10.1007/978-3-642-33125-1},
  isbn      = {978-3-642-33124-4},
  timestamp = {Tue, 04 Sep 2012 09:25:58 +0200},
  biburl    = {http://dblp.uni-trier.de/rec/bib/conf/sas/2012},
  bibsource = {dblp computer science bibliography, http://dblp.org}
}


@article{RummerHojjatKuncak15,
  author    = {Philipp R{\"{u}}mmer and
               Hossein Hojjat and
               Viktor Kuncak},
  title     = {On recursion-free Horn clauses and Craig interpolation},
  journal   = {Formal Methods in System Design},
  volume    = {47},
  number    = {1},
  pages     = {1--25},
  year      = {2015},
  url       = {http://dx.doi.org/10.1007/s10703-014-0219-7},
  doi       = {10.1007/s10703-014-0219-7},
  timestamp = {Mon, 14 Sep 2015 16:57:05 +0200},
  biburl    = {http://dblp.uni-trier.de/rec/bib/journals/fmsd/RummerHK15},
  bibsource = {dblp computer science bibliography, http://dblp.org}
}

@inproceedings{RummerHojjatKuncak13,
  author    = {Philipp R{\"{u}}mmer and
               Hossein Hojjat and
               Viktor Kuncak},
  title     = {Disjunctive Interpolants for Horn-Clause Verification},
  booktitle = {Computer Aided Verification - 25th International Conference, {CAV}
               2013, Saint Petersburg, Russia, July 13-19, 2013. Proceedings},
  pages     = {347--363},
  year      = {2013},
  crossref  = {DBLP:conf/cav/2013},
  url       = {http://dx.doi.org/10.1007/978-3-642-39799-8_24},
  doi       = {10.1007/978-3-642-39799-8_24},
  timestamp = {Fri, 12 Jul 2013 13:57:42 +0200},
  biburl    = {http://dblp.uni-trier.de/rec/bib/conf/cav/RummerHK13},
  bibsource = {dblp computer science bibliography, http://dblp.org}
}
@proceedings{DBLP:conf/cav/2013,
  editor    = {Natasha Sharygina and
               Helmut Veith},
  title     = {Computer Aided Verification - 25th International Conference, {CAV}
               2013, Saint Petersburg, Russia, July 13-19, 2013. Proceedings},
  series    = {Lecture Notes in Computer Science},
  volume    = {8044},
  publisher = {Springer},
  year      = {2013},
  url       = {http://dx.doi.org/10.1007/978-3-642-39799-8},
  doi       = {10.1007/978-3-642-39799-8},
  isbn      = {978-3-642-39798-1},
  timestamp = {Fri, 12 Jul 2013 13:53:11 +0200},
  biburl    = {http://dblp.uni-trier.de/rec/bib/conf/cav/2013},
  bibsource = {dblp computer science bibliography, http://dblp.org}
}


@inproceedings{AlbarghouthiGurfinkelChechik12UFO,
  author    = {Aws Albarghouthi and
               Arie Gurfinkel and
               Marsha Chechik},
  title     = {From Under-Approximations to Over-Approximations and Back},
  booktitle = {Tools and Algorithms for the Construction and Analysis of Systems
               - 18th International Conference, {TACAS} 2012, Held as Part of the
               European Joint Conferences on Theory and Practice of Software, {ETAPS}
               2012, Tallinn, Estonia, March 24 - April 1, 2012. Proceedings},
  pages     = {157--172},
  year      = {2012},
  crossref  = {DBLP:conf/tacas/2012},
  url       = {http://dx.doi.org/10.1007/978-3-642-28756-5_12},
  doi       = {10.1007/978-3-642-28756-5_12},
  timestamp = {Wed, 07 Jan 2015 18:21:20 +0100},
  biburl    = {http://dblp.uni-trier.de/rec/bib/conf/tacas/AlbarghouthiGC12},
  bibsource = {dblp computer science bibliography, http://dblp.org}
}



@inproceedings{VizelGurfinkel14,
  author    = {Yakir Vizel and
               Arie Gurfinkel},
  title     = {Interpolating Property Directed Reachability},
  booktitle = {Computer Aided Verification - 26th International Conference, {CAV}
               2014, Held as Part of the Vienna Summer of Logic, {VSL} 2014, Vienna,
               Austria, July 18-22, 2014. Proceedings},
  pages     = {260--276},
  year      = {2014},
  crossref  = {DBLP:conf/cav/2014},
  url       = {http://dx.doi.org/10.1007/978-3-319-08867-9_17},
  doi       = {10.1007/978-3-319-08867-9_17},
  timestamp = {Mon, 30 Jun 2014 11:31:20 +0200},
  biburl    = {http://dblp.uni-trier.de/rec/bib/conf/cav/VizelG14},
  bibsource = {dblp computer science bibliography, http://dblp.org}
}


@inproceedings{MullerOlmRuthingSeidl05,
  author    = {Markus M{\"{u}}ller{-}Olm and
               Oliver R{\"{u}}thing and
               Helmut Seidl},
  title     = {Checking Herbrand Equalities and Beyond},
  booktitle = {Verification, Model Checking, and Abstract Interpretation, 6th International
               Conference, {VMCAI} 2005, Paris, France, January 17-19, 2005, Proceedings},
  pages     = {79--96},
  year      = {2005},
  crossref  = {DBLP:conf/vmcai/2005},
  url       = {http://dx.doi.org/10.1007/978-3-540-30579-8_6},
  doi       = {10.1007/978-3-540-30579-8_6},
  timestamp = {Mon, 08 Aug 2011 15:22:34 +0200},
  biburl    = {http://dblp.uni-trier.de/rec/bib/conf/vmcai/Muller-OlmRS05},
  bibsource = {dblp computer science bibliography, http://dblp.org}
}
@proceedings{DBLP:conf/vmcai/2005,
  editor    = {Radhia Cousot},
  title     = {Verification, Model Checking, and Abstract Interpretation, 6th International
               Conference, {VMCAI} 2005, Paris, France, January 17-19, 2005, Proceedings},
  series    = {Lecture Notes in Computer Science},
  volume    = {3385},
  publisher = {Springer},
  year      = {2005},
  isbn      = {3-540-24297-X},
  timestamp = {Fri, 11 Feb 2005 09:54:48 +0100},
  biburl    = {http://dblp.uni-trier.de/rec/bib/conf/vmcai/2005},
  bibsource = {dblp computer science bibliography, http://dblp.org}
}


@inproceedings{MullerOlmSeidl04,
  author    = {Markus M{\"{u}}ller{-}Olm and
               Helmut Seidl},
  title     = {A Note on Karr's Algorithm},
  booktitle = {Automata, Languages and Programming: 31st International Colloquium,
               {ICALP} 2004, Turku, Finland, July 12-16, 2004. Proceedings},
  pages     = {1016--1028},
  year      = {2004},
  crossref  = {DBLP:conf/icalp/2004},
  url       = {http://dx.doi.org/10.1007/978-3-540-27836-8_85},
  doi       = {10.1007/978-3-540-27836-8_85},
  timestamp = {Thu, 07 Jul 2011 15:49:43 +0200},
  biburl    = {http://dblp.uni-trier.de/rec/bib/conf/icalp/Muller-OlmS04},
  bibsource = {dblp computer science bibliography, http://dblp.org}
}
@proceedings{DBLP:conf/icalp/2004,
  editor    = {Josep D{\'{\i}}az and
               Juhani Karhum{\"{a}}ki and
               Arto Lepist{\"{o}} and
               Donald Sannella},
  title     = {Automata, Languages and Programming: 31st International Colloquium,
               {ICALP} 2004, Turku, Finland, July 12-16, 2004. Proceedings},
  series    = {Lecture Notes in Computer Science},
  volume    = {3142},
  publisher = {Springer},
  year      = {2004},
  isbn      = {3-540-22849-7},
  timestamp = {Tue, 06 Sep 2005 11:59:49 +0200},
  biburl    = {http://dblp.uni-trier.de/rec/bib/conf/icalp/2004},
  bibsource = {dblp computer science bibliography, http://dblp.org}
}


@inproceedings{CousotCousot77,
  author    = {Patrick Cousot and
               Radhia Cousot},
  title     = {Abstract Interpretation: {A} Unified Lattice Model for Static Analysis
               of Programs by Construction or Approximation of Fixpoints},
  booktitle = {Conference Record of the Fourth {ACM} Symposium on Principles of Programming
               Languages, Los Angeles, California, USA, January 1977},
  pages     = {238--252},
  year      = {1977},
  crossref  = {DBLP:conf/popl/77},
  url       = {http://doi.acm.org/10.1145/512950.512973},
  doi       = {10.1145/512950.512973},
  timestamp = {Mon, 21 May 2012 16:19:51 +0200},
  biburl    = {http://dblp.uni-trier.de/rec/bib/conf/popl/CousotC77},
  bibsource = {dblp computer science bibliography, http://dblp.org}
}
@proceedings{DBLP:conf/popl/77,
  editor    = {Robert M. Graham and
               Michael A. Harrison and
               Ravi Sethi},
  title     = {Conference Record of the Fourth {ACM} Symposium on Principles of Programming
               Languages, Los Angeles, California, USA, January 1977},
  publisher = {{ACM}},
  year      = {1977},
  url       = {http://dl.acm.org/citation.cfm?id=512950},
  timestamp = {Mon, 21 May 2012 16:19:51 +0200},
  biburl    = {http://dblp.uni-trier.de/rec/bib/conf/popl/77},
  bibsource = {dblp computer science bibliography, http://dblp.org}
}



@inproceedings{GulwaniTiwari07,
  author    = {Sumit Gulwani and
               Ashish Tiwari},
  title     = {Assertion Checking Unified},
  booktitle = {Verification, Model Checking, and Abstract Interpretation, 8th International
               Conference, {VMCAI} 2007, Nice, France, January 14-16, 2007, Proceedings},
  pages     = {363--377},
  year      = {2007},
  crossref  = {DBLP:conf/vmcai/2007},
  url       = {http://dx.doi.org/10.1007/978-3-540-69738-1_26},
  doi       = {10.1007/978-3-540-69738-1_26},
  timestamp = {Tue, 08 Jan 2008 08:53:10 +0100},
  biburl    = {http://dblp.uni-trier.de/rec/bib/conf/vmcai/GulwaniT07},
  bibsource = {dblp computer science bibliography, http://dblp.org}
}
@proceedings{DBLP:conf/vmcai/2007,
  editor    = {Byron Cook and
               Andreas Podelski},
  title     = {Verification, Model Checking, and Abstract Interpretation, 8th International
               Conference, {VMCAI} 2007, Nice, France, January 14-16, 2007, Proceedings},
  series    = {Lecture Notes in Computer Science},
  volume    = {4349},
  publisher = {Springer},
  year      = {2007},
  isbn      = {978-3-540-69735-0},
  timestamp = {Tue, 08 Jan 2008 08:53:10 +0100},
  biburl    = {http://dblp.uni-trier.de/rec/bib/conf/vmcai/2007},
  bibsource = {dblp computer science bibliography, http://dblp.org}
}



@inproceedings{BaumgartnerWaldmann13,
  author    = {Peter Baumgartner and
               Uwe Waldmann},
  title     = {Hierarchic Superposition with Weak Abstraction},
  booktitle = {Automated Deduction - {CADE-24} - 24th International Conference on
               Automated Deduction, Lake Placid, NY, USA, June 9-14, 2013. Proceedings},
  pages     = {39--57},
  year      = {2013},
  crossref  = {DBLP:conf/cade/2013},
  url       = {http://dx.doi.org/10.1007/978-3-642-38574-2_3},
  doi       = {10.1007/978-3-642-38574-2_3},
  timestamp = {Sat, 15 Jun 2013 19:33:15 +0200},
  biburl    = {http://dblp.uni-trier.de/rec/bib/conf/cade/BaumgartnerW13},
  bibsource = {dblp computer science bibliography, http://dblp.org}
}

@inproceedings{Voronkov14,
  author    = {Andrei Voronkov},
  title     = {{AVATAR:} The Architecture for First-Order Theorem Provers},
  booktitle = {Computer Aided Verification - 26th International Conference, {CAV}
               2014, Held as Part of the Vienna Summer of Logic, {VSL} 2014, Vienna,
               Austria, July 18-22, 2014. Proceedings},
  pages     = {696--710},
  year      = {2014},
  crossref  = {CAV2014},
  url       = {http://dx.doi.org/10.1007/978-3-319-08867-9_46},
  doi       = {10.1007/978-3-319-08867-9_46},
  timestamp = {Mon, 30 Jun 2014 11:31:20 +0200},
  biburl    = {http://dblp.uni-trier.de/rec/bib/conf/cav/Voronkov14},
  bibsource = {dblp computer science bibliography, http://dblp.org}
}

@book{RobinsonVoronkov2001,
 editor = {Robinson, Alan and Voronkov, Andrei},
 title = {Handbook of Automated Reasoning},
 year = {2001},
 isbn = {0-444-50812-0},
 publisher = {Elsevier Science Publishers B. V.},
 address = {Amsterdam, The Netherlands, The Netherlands},
} 

@inproceedings{RegerSudaVoronkov15,
  author    = {Giles Reger and
               Martin Suda and
               Andrei Voronkov},
  title     = {Playing with {AVATAR}},
  booktitle = {Automated Deduction - {CADE-25} - 25th International Conference on
               Automated Deduction, Berlin, Germany, August 1-7, 2015, Proceedings},
  pages     = {399--415},
  year      = {2015},
  crossref  = {DBLP:conf/cade/2015},
  url       = {http://dx.doi.org/10.1007/978-3-319-21401-6_28},
  doi       = {10.1007/978-3-319-21401-6_28},
  timestamp = {Mon, 03 Aug 2015 17:48:05 +0200},
  biburl    = {http://dblp.uni-trier.de/rec/bib/conf/cade/RegerSV15},
  bibsource = {dblp computer science bibliography, http://dblp.org}
}

@proceedings{CAV2014,
  editor    = {Armin Biere and
               Roderick Bloem},
  title     = {Computer Aided Verification - 26th International Conference, {CAV}
               2014, Held as Part of the Vienna Summer of Logic, {VSL} 2014, Vienna,
               Austria, July 18-22, 2014. Proceedings},
  series    = {Lecture Notes in Computer Science},
  volume    = {8559},
  publisher = {Springer},
  year      = {2014},
  url       = {http://dx.doi.org/10.1007/978-3-319-08867-9},
  doi       = {10.1007/978-3-319-08867-9},
  isbn      = {978-3-319-08866-2},
  timestamp = {Mon, 30 Jun 2014 11:23:38 +0200},
  biburl    = {http://dblp.uni-trier.de/rec/bib/conf/cav/2014},
  bibsource = {dblp computer science bibliography, http://dblp.org}
}


@inproceedings{DBLP:conf/vmcai/GulwaniT07,
  author    = {Sumit Gulwani and
               Ashish Tiwari},
  title     = {Assertion Checking Unified},
  booktitle = {Verification, Model Checking, and Abstract Interpretation, 8th International
               Conference, {VMCAI} 2007, Nice, France, January 14-16, 2007, Proceedings},
  pages     = {363--377},
  year      = {2007},
  crossref  = {DBLP:conf/vmcai/2007},
  url       = {http://dx.doi.org/10.1007/978-3-540-69738-1_26},
  doi       = {10.1007/978-3-540-69738-1_26},
  timestamp = {Tue, 08 Jan 2008 08:53:10 +0100},
  biburl    = {http://dblp.uni-trier.de/rec/bib/conf/vmcai/GulwaniT07},
  bibsource = {dblp computer science bibliography, http://dblp.org}
}

@proceedings{DBLP:conf/cav/2014,
  editor    = {Armin Biere and
               Roderick Bloem},
  title     = {Computer Aided Verification - 26th International Conference, {CAV}
               2014, Held as Part of the Vienna Summer of Logic, {VSL} 2014, Vienna,
               Austria, July 18-22, 2014. Proceedings},
  series    = {Lecture Notes in Computer Science},
  volume    = {8559},
  publisher = {Springer},
  year      = {2014},
  url       = {http://dx.doi.org/10.1007/978-3-319-08867-9},
  doi       = {10.1007/978-3-319-08867-9},
  isbn      = {978-3-319-08866-2},
  timestamp = {Mon, 30 Jun 2014 11:23:38 +0200},
  biburl    = {http://dblp.uni-trier.de/rec/bib/conf/cav/2014},
  bibsource = {dblp computer science bibliography, http://dblp.org}
}

@proceedings{DBLP:conf/tacas/2008,
  editor    = {C. R. Ramakrishnan and
               Jakob Rehof},
  title     = {Tools and Algorithms for the Construction and Analysis of
               Systems, 14th International Conference, TACAS 2008, Held
               as Part of the Joint European Conferences on Theory and
               Practice of Software, ETAPS 2008, Budapest, Hungary, March
               29-April 6, 2008. Proceedings},
  booktitle = {TACAS},
  publisher = {Springer},
  series    = {Lecture Notes in Computer Science},
  volume    = {4963},
  year      = {2008},
  isbn      = {978-3-540-78799-0},
  bibsource = {DBLP, http://dblp.uni-trier.de}
}



@inproceedings{LudwigWaldmann07,
  author    = {Michel Ludwig and
               Uwe Waldmann},
  title     = {An Extension of the Knuth-Bendix Ordering with LPO-Like Properties},
  booktitle = {Logic for Programming, Artificial Intelligence, and Reasoning, 14th
               International Conference, {LPAR} 2007, Yerevan, Armenia, October 15-19,
               2007, Proceedings},
  pages     = {348--362},
  year      = {2007},
  crossref  = {DBLP:conf/lpar/2007},
  url       = {http://dx.doi.org/10.1007/978-3-540-75560-9_26},
  doi       = {10.1007/978-3-540-75560-9_26},
  timestamp = {Fri, 19 Oct 2007 16:51:13 +0200},
  biburl    = {http://dblp.uni-trier.de/rec/bib/conf/lpar/LudwigW07},
  bibsource = {dblp computer science bibliography, http://dblp.org}
}
@proceedings{DBLP:conf/lpar/2007,
  editor    = {Nachum Dershowitz and
               Andrei Voronkov},
  title     = {Logic for Programming, Artificial Intelligence, and Reasoning, 14th
               International Conference, {LPAR} 2007, Yerevan, Armenia, October 15-19,
               2007, Proceedings},
  series    = {Lecture Notes in Computer Science},
  volume    = {4790},
  publisher = {Springer},
  year      = {2007},
  isbn      = {978-3-540-75558-6},
  timestamp = {Fri, 19 Oct 2007 16:51:13 +0200},
  biburl    = {http://dblp.uni-trier.de/rec/bib/conf/lpar/2007},
  bibsource = {dblp computer science bibliography, http://dblp.org}
}

@inproceedings{DBLP:conf/frocos/BarrettDS02,
  author    = {Clark W. Barrett and
               David L. Dill and
               Aaron Stump},
  title     = {A Generalization of Shostak's Method for Combining Decision Procedures},
  booktitle = {Frontiers of Combining Systems, 4th International Workshop, FroCoS
               2002, Santa Margherita Ligure, Italy, April 8-10, 2002, Proceedings},
  pages     = {132--146},
  year      = {2002},
  crossref  = {DBLP:conf/frocos/2002},
  url       = {http://dx.doi.org/10.1007/3-540-45988-X_11},
  doi       = {10.1007/3-540-45988-X_11},
  timestamp = {Fri, 11 Jan 2013 15:18:30 +0100},
  biburl    = {http://dblp.uni-trier.de/rec/bib/conf/frocos/BarrettDS02},
  bibsource = {dblp computer science bibliography, http://dblp.org}
}
@proceedings{DBLP:conf/frocos/2002,
  editor    = {Alessandro Armando},
  title     = {Frontiers of Combining Systems, 4th International Workshop, FroCoS
               2002, Santa Margherita Ligure, Italy, April 8-10, 2002, Proceedings},
  series    = {Lecture Notes in Computer Science},
  volume    = {2309},
  publisher = {Springer},
  year      = {2002},
  isbn      = {3-540-43381-3},
  timestamp = {Fri, 11 Jan 2013 15:18:30 +0100},
  biburl    = {http://dblp.uni-trier.de/rec/bib/conf/frocos/2002},
  bibsource = {dblp computer science bibliography, http://dblp.org}
}

@article{DBLP:journals/aaecc/BachmairGW94,
  author    = {Leo Bachmair and
               Harald Ganzinger and
               Uwe Waldmann},
  title     = {Refutational Theorem Proving for Hierarchic First-Order Theories},
  journal   = {Appl. Algebra Eng. Commun. Comput.},
  volume    = {5},
  pages     = {193--212},
  year      = {1994},
  url       = {http://dx.doi.org/10.1007/BF01190829},
  doi       = {10.1007/BF01190829},
  timestamp = {Sat, 11 Dec 2010 10:52:45 +0100},
  biburl    = {http://dblp.uni-trier.de/rec/bib/journals/aaecc/BachmairGW94},
  bibsource = {dblp computer science bibliography, http://dblp.org}
}


@incollection{DBLP:books/el/RV01/NieuwenhuisR01,
  author    = {Robert Nieuwenhuis and
               Albert Rubio},
  title     = {Paramodulation-Based Theorem Proving},
  booktitle = {Handbook of Automated Reasoning (in 2 volumes)},
  pages     = {371--443},
  year      = {2001},
  crossref  = {DBLP:books/el/RobinsonV01},
  timestamp = {Thu, 03 Jan 2002 11:51:18 +0100},
  biburl    = {http://dblp.uni-trier.de/rec/bib/books/el/RV01/NieuwenhuisR01},
  bibsource = {dblp computer science bibliography, http://dblp.org}
}


@inproceedings{DBLP:conf/vmcai/DSilvaKPW10,
  author    = {Vijay D'Silva and
               Daniel Kroening and
               Mitra Purandare and
               Georg Weissenbacher},
  title     = {Interpolant Strength},
  booktitle = {Verification, Model Checking, and Abstract Interpretation, 11th International
               Conference, {VMCAI} 2010, Madrid, Spain, January 17-19, 2010. Proceedings},
  pages     = {129--145},
  year      = {2010},
  crossref  = {DBLP:conf/vmcai/2010},
  url       = {http://dx.doi.org/10.1007/978-3-642-11319-2_12},
  doi       = {10.1007/978-3-642-11319-2_12},
  timestamp = {Thu, 14 Jan 2010 11:02:54 +0100},
  biburl    = {http://dblp.uni-trier.de/rec/bib/conf/vmcai/DSilvaKPW10},
  bibsource = {dblp computer science bibliography, http://dblp.org}
}
@proceedings{DBLP:conf/vmcai/2010,
  editor    = {Gilles Barthe and
               Manuel V. Hermenegildo},
  title     = {Verification, Model Checking, and Abstract Interpretation, 11th International
               Conference, {VMCAI} 2010, Madrid, Spain, January 17-19, 2010. Proceedings},
  series    = {Lecture Notes in Computer Science},
  volume    = {5944},
  publisher = {Springer},
  year      = {2010},
  url       = {http://dx.doi.org/10.1007/978-3-642-11319-2},
  doi       = {10.1007/978-3-642-11319-2},
  isbn      = {978-3-642-11318-5},
  timestamp = {Thu, 14 Jan 2010 11:00:43 +0100},
  biburl    = {http://dblp.uni-trier.de/rec/bib/conf/vmcai/2010},
  bibsource = {dblp computer science bibliography, http://dblp.org}
}


@inproceedings{DBLP:conf/rta/NieuwenhuisO05,
  author    = {Robert Nieuwenhuis and
               Albert Oliveras},
  title     = {Proof-Producing Congruence Closure},
  booktitle = {Term Rewriting and Applications, 16th International Conference, {RTA}
               2005, Nara, Japan, April 19-21, 2005, Proceedings},
  pages     = {453--468},
  year      = {2005},
  crossref  = {DBLP:conf/rta/2005},
  url       = {http://dx.doi.org/10.1007/978-3-540-32033-3_33},
  doi       = {10.1007/978-3-540-32033-3_33},
  timestamp = {Mon, 08 Aug 2011 15:24:28 +0200},
  biburl    = {http://dblp.uni-trier.de/rec/bib/conf/rta/NieuwenhuisO05},
  bibsource = {dblp computer science bibliography, http://dblp.org}
}
@proceedings{DBLP:conf/rta/2005,
  editor    = {J{\"{u}}rgen Giesl},
  title     = {Term Rewriting and Applications, 16th International Conference, {RTA}
               2005, Nara, Japan, April 19-21, 2005, Proceedings},
  series    = {Lecture Notes in Computer Science},
  volume    = {3467},
  publisher = {Springer},
  year      = {2005},
  isbn      = {3-540-25596-6},
  timestamp = {Tue, 05 Apr 2005 10:59:16 +0200},
  biburl    = {http://dblp.uni-trier.de/rec/bib/conf/rta/2005},
  bibsource = {dblp computer science bibliography, http://dblp.org}
}

@article{lyndon1959,
author = "Lyndon, Roger C.",
fjournal = "Pacific Journal of Mathematics",
journal = "Pacific J. Math.",
number = "1",
pages = "129--142",
publisher = "Pacific Journal of Mathematics, A Non-profit Corporation",
title = "An interpolation theorem in the predicate calculus.",
url = "http://projecteuclid.org/euclid.pjm/1103039458",
volume = "9",
year = "1959"
}

@article{DBLP:journals/cacm/BackusBGKMPRSVWWW60,
  author    = {John W. Backus and
               Friedrich L. Bauer and
               Julien Green and
               C. Katz and
               John McCarthy and
               Alan J. Perlis and
               Heinz Rutishauser and
               Klaus Samelson and
               Bernard Vauquois and
               Joseph Henry Wegstein and
               Adriaan van Wijngaarden and
               Michael Woodger},
  title     = {Report on the algorithmic language {ALGOL} 60},
  journal   = {Commun. {ACM}},
  volume    = {3},
  number    = {5},
  pages     = {299--314},
  year      = {1960},
  url       = {http://doi.acm.org/10.1145/367236.367262},
  doi       = {10.1145/367236.367262},
  timestamp = {Fri, 14 Aug 2015 14:46:12 +0200},
  biburl    = {http://dblp.uni-trier.de/rec/bib/journals/cacm/BackusBGKMPRSVWWW60},
  bibsource = {dblp computer science bibliography, http://dblp.org}
}

@inproceedings{DBLP:conf/cav/McMillan03,
  author    = {Kenneth L. McMillan},
  title     = {Interpolation and SAT-Based Model Checking},
  booktitle = {Computer Aided Verification, 15th International Conference, {CAV}
               2003, Boulder, CO, USA, July 8-12, 2003, Proceedings},
  pages     = {1--13},
  year      = {2003},
  crossref  = {DBLP:conf/cav/2003},
  url       = {http://dx.doi.org/10.1007/978-3-540-45069-6_1},
  doi       = {10.1007/978-3-540-45069-6_1},
  timestamp = {Fri, 22 Nov 2013 12:57:23 +0100},
  biburl    = {http://dblp.uni-trier.de/rec/bib/conf/cav/McMillan03},
  bibsource = {dblp computer science bibliography, http://dblp.org}
}


@inproceedings{DBLP:conf/fmcad/KroeningW07,
  author    = {Daniel Kroening and
               Georg Weissenbacher},
  title     = {Lifting Propositional Interpolants to the Word-Level},
  booktitle = {Formal Methods in Computer-Aided Design, 7th International Conference,
               {FMCAD} 2007, Austin, Texas, USA, November 11-14, 2007, Proceedings},
  pages     = {85--89},
  year      = {2007},
  crossref  = {DBLP:conf/fmcad/2007},
  url       = {http://doi.ieeecomputersociety.org/10.1109/FMCAD.2007.31},
  doi       = {10.1109/FMCAD.2007.31},
  timestamp = {Thu, 24 Apr 2008 11:56:36 +0200},
  biburl    = {http://dblp.uni-trier.de/rec/bib/conf/fmcad/KroeningW07},
  bibsource = {dblp computer science bibliography, http://dblp.org}
}
@proceedings{DBLP:conf/fmcad/2007,
  title     = {Formal Methods in Computer-Aided Design, 7th International Conference,
               {FMCAD} 2007, Austin, Texas, USA, November 11-14, 2007, Proceedings},
  publisher = {{IEEE} Computer Society},
  year      = {2007},
  url       = {http://ieeexplore.ieee.org/xpl/mostRecentIssue.jsp?punumber=4401966},
  isbn      = {0-7695-3023-0},
  timestamp = {Fri, 01 Apr 2016 10:10:11 +0200},
  biburl    = {http://dblp2.uni-trier.de/rec/bib/conf/fmcad/2007},
  bibsource = {dblp computer science bibliography, http://dblp.org}
}

@inproceedings{DBLP:conf/cav/RummerHK13,
  author    = {Philipp R{\"{u}}mmer and
               Hossein Hojjat and
               Viktor Kuncak},
  title     = {Disjunctive Interpolants for Horn-Clause Verification},
  booktitle = {Computer Aided Verification - 25th International Conference, {CAV}
               2013, Saint Petersburg, Russia, July 13-19, 2013. Proceedings},
  pages     = {347--363},
  year      = {2013},
  crossref  = {DBLP:conf/cav/2013},
  url       = {http://dx.doi.org/10.1007/978-3-642-39799-8_24},
  doi       = {10.1007/978-3-642-39799-8_24},
  timestamp = {Fri, 12 Jul 2013 13:57:42 +0200},
  biburl    = {http://dblp.uni-trier.de/rec/bib/conf/cav/RummerHK13},
  bibsource = {dblp computer science bibliography, http://dblp.org}
}
@inproceedings{DBLP:conf/vstte/RummerHK13,
  author    = {Philipp R{\"{u}}mmer and
               Hossein Hojjat and
               Viktor Kuncak},
  title     = {Classifying and Solving Horn Clauses for Verification},
  booktitle = {Verified Software: Theories, Tools, Experiments - 5th International
               Conference, {VSTTE} 2013, Menlo Park, CA, USA, May 17-19, 2013, Revised
               Selected Papers},
  pages     = {1--21},
  year      = {2013},
  crossref  = {DBLP:conf/vstte/2013},
  url       = {http://dx.doi.org/10.1007/978-3-642-54108-7_1},
  doi       = {10.1007/978-3-642-54108-7_1},
  timestamp = {Tue, 21 Jan 2014 14:05:18 +0100},
  biburl    = {http://dblp.uni-trier.de/rec/bib/conf/vstte/RummerHK13},
  bibsource = {dblp computer science bibliography, http://dblp.org}
}
@proceedings{DBLP:conf/vstte/2013,
  editor    = {Ernie Cohen and
               Andrey Rybalchenko},
  title     = {Verified Software: Theories, Tools, Experiments - 5th International
               Conference, {VSTTE} 2013, Menlo Park, CA, USA, May 17-19, 2013, Revised
               Selected Papers},
  series    = {Lecture Notes in Computer Science},
  volume    = {8164},
  publisher = {Springer},
  year      = {2014},
  url       = {http://dx.doi.org/10.1007/978-3-642-54108-7},
  doi       = {10.1007/978-3-642-54108-7},
  isbn      = {978-3-642-54107-0},
  timestamp = {Tue, 21 Jan 2014 14:02:11 +0100},
  biburl    = {http://dblp.uni-trier.de/rec/bib/conf/vstte/2013},
  bibsource = {dblp computer science bibliography, http://dblp.org}
}

@inproceedings{DBLP:conf/fmcad/VizelG09,
  author    = {Yakir Vizel and
               Orna Grumberg},
  title     = {Interpolation-sequence based model checking},
  booktitle = {Proceedings of 9th International Conference on Formal Methods in Computer-Aided
               Design, {FMCAD} 2009, 15-18 November 2009, Austin, Texas, {USA}},
  pages     = {1--8},
  year      = {2009},
  crossref  = {DBLP:conf/fmcad/2009},
  url       = {http://dx.doi.org/10.1109/FMCAD.2009.5351148},
  doi       = {10.1109/FMCAD.2009.5351148},
  timestamp = {Wed, 27 Jan 2010 15:12:16 +0100},
  biburl    = {http://dblp.uni-trier.de/rec/bib/conf/fmcad/VizelG09},
  bibsource = {dblp computer science bibliography, http://dblp.org}
}
@proceedings{DBLP:conf/fmcad/2009,
  title     = {Proceedings of 9th International Conference on Formal Methods in Computer-Aided
               Design, {FMCAD} 2009, 15-18 November 2009, Austin, Texas, {USA}},
  publisher = {{IEEE}},
  year      = {2009},
  isbn      = {978-1-4244-4966-8},
  timestamp = {Wed, 27 Jan 2010 15:11:36 +0100},
  biburl    = {http://dblp.uni-trier.de/rec/bib/conf/fmcad/2009},
  bibsource = {dblp computer science bibliography, http://dblp.org}
}



@inproceedings{DBLP:conf/fmcad/BaylessVBHH13,
  author    = {Sam Bayless and
               Celina G. Val and
               Thomas Ball and
               Holger H. Hoos and
               Alan J. Hu},
  title     = {Efficient modular {SAT} solving for {IC3}},
  booktitle = {Formal Methods in Computer-Aided Design, {FMCAD} 2013, Portland, OR,
               USA, October 20-23, 2013},
  pages     = {149--156},
  year      = {2013},
  crossref  = {DBLP:conf/fmcad/2013},
  url       = {http://ieeexplore.ieee.org/xpl/freeabs_all.jsp?arnumber=6679404},
  timestamp = {Wed, 11 Dec 2013 12:09:47 +0100},
  biburl    = {http://dblp.uni-trier.de/rec/bib/conf/fmcad/BaylessVBHH13},
  bibsource = {dblp computer science bibliography, http://dblp.org}
}

@inproceedings{DBLP:conf/vmcai/Bradley11,
  author    = {Aaron R. Bradley},
  title     = {SAT-Based Model Checking without Unrolling},
  booktitle = {Verification, Model Checking, and Abstract Interpretation - 12th International
               Conference, {VMCAI} 2011, Austin, TX, USA, January 23-25, 2011. Proceedings},
  pages     = {70--87},
  year      = {2011},
  crossref  = {DBLP:conf/vmcai/2011},
  url       = {http://dx.doi.org/10.1007/978-3-642-18275-4_7},
  doi       = {10.1007/978-3-642-18275-4_7},
  timestamp = {Tue, 15 Feb 2011 15:04:41 +0100},
  biburl    = {http://dblp.uni-trier.de/rec/bib/conf/vmcai/Bradley11},
  bibsource = {dblp computer science bibliography, http://dblp.org}
}
@proceedings{DBLP:conf/vmcai/2011,
  editor    = {Ranjit Jhala and
               David A. Schmidt},
  title     = {Verification, Model Checking, and Abstract Interpretation - 12th International
               Conference, {VMCAI} 2011, Austin, TX, USA, January 23-25, 2011. Proceedings},
  series    = {Lecture Notes in Computer Science},
  volume    = {6538},
  publisher = {Springer},
  year      = {2011},
  url       = {http://dx.doi.org/10.1007/978-3-642-18275-4},
  doi       = {10.1007/978-3-642-18275-4},
  isbn      = {978-3-642-18274-7},
  timestamp = {Tue, 15 Feb 2011 15:02:49 +0100},
  biburl    = {http://dblp.uni-trier.de/rec/bib/conf/vmcai/2011},
  bibsource = {dblp computer science bibliography, http://dblp.org}
}

@inproceedings{DBLP:conf/fmcad/EenMB11,
  author    = {Niklas E{\'{e}}n and
               Alan Mishchenko and
               Robert K. Brayton},
  title     = {Efficient implementation of property directed reachability},
  booktitle = {International Conference on Formal Methods in Computer-Aided Design,
               {FMCAD} '11, Austin, TX, USA, October 30 - November 02, 2011},
  pages     = {125--134},
  year      = {2011},
  crossref  = {DBLP:conf/fmcad/2011},
  url       = {http://dl.acm.org/citation.cfm?id=2157675},
  timestamp = {Mon, 13 Aug 2012 09:10:43 +0200},
  biburl    = {http://dblp.uni-trier.de/rec/bib/conf/fmcad/EenMB11},
  bibsource = {dblp computer science bibliography, http://dblp.org}
}
@proceedings{DBLP:conf/fmcad/2011,
  editor    = {Per Bjesse and
               Anna Slobodov{\'{a}}},
  title     = {International Conference on Formal Methods in Computer-Aided Design,
               {FMCAD} '11, Austin, TX, USA, October 30 - November 02, 2011},
  publisher = {{FMCAD} Inc.},
  year      = {2011},
  url       = {http://dl.acm.org/citation.cfm?id=2157654},
  isbn      = {978-0-9835678-1-3},
  timestamp = {Mon, 13 Aug 2012 09:09:14 +0200},
  biburl    = {http://dblp.uni-trier.de/rec/bib/conf/fmcad/2011},
  bibsource = {dblp computer science bibliography, http://dblp.org}
}
@inproceedings{DBLP:conf/aaai/HertelBPG08,
  author    = {Philipp Hertel and
               Fahiem Bacchus and
               Toniann Pitassi and
               Allen Van Gelder},
  title     = {Clause Learning Can Effectively P-Simulate General Propositional Resolution},
  booktitle = {Proceedings of the Twenty-Third {AAAI} Conference on Artificial Intelligence,
               {AAAI} 2008, Chicago, Illinois, USA, July 13-17, 2008},
  pages     = {283--290},
  year      = {2008},
  crossref  = {DBLP:conf/aaai/2008},
  url       = {http://www.aaai.org/Library/AAAI/2008/aaai08-045.php},
  timestamp = {Mon, 10 Dec 2012 17:36:53 +0100},
  biburl    = {http://dblp.uni-trier.de/rec/bib/conf/aaai/HertelBPG08},
  bibsource = {dblp computer science bibliography, http://dblp.org}
}
@proceedings{DBLP:conf/aaai/2008,
  editor    = {Dieter Fox and
               Carla P. Gomes},
  title     = {Proceedings of the Twenty-Third {AAAI} Conference on Artificial Intelligence,
               {AAAI} 2008, Chicago, Illinois, USA, July 13-17, 2008},
  publisher = {{AAAI} Press},
  year      = {2008},
  isbn      = {978-1-57735-368-3},
  timestamp = {Fri, 15 Aug 2008 11:13:22 +0200},
  biburl    = {http://dblp.uni-trier.de/rec/bib/conf/aaai/2008},
  bibsource = {dblp computer science bibliography, http://dblp.org}
}

@inproceedings{DBLP:conf/esop/NieuwenhuisR92,
  author    = {Robert Nieuwenhuis and
               Albert Rubio},
  title     = {Basic Superposition is Complete},
  booktitle = {{ESOP} '92, 4th European Symposium on Programming, Rennes, France,
               February 26-28, 1992, Proceedings},
  pages     = {371--389},
  year      = {1992},
  crossref  = {DBLP:conf/esop/1992},
  url       = {http://dx.doi.org/10.1007/3-540-55253-7_22},
  doi       = {10.1007/3-540-55253-7_22},
  timestamp = {Sun, 20 Sep 2009 17:11:25 +0200},
  biburl    = {http://dblp.uni-trier.de/rec/bib/conf/esop/NieuwenhuisR92},
  bibsource = {dblp computer science bibliography, http://dblp.org}
}
@proceedings{DBLP:conf/esop/1992,
  editor    = {Bernd Krieg{-}Br{\"{u}}ckner},
  title     = {{ESOP} '92, 4th European Symposium on Programming, Rennes, France,
               February 26-28, 1992, Proceedings},
  series    = {Lecture Notes in Computer Science},
  volume    = {582},
  publisher = {Springer},
  year      = {1992},
  isbn      = {3-540-55253-7},
  timestamp = {Wed, 17 Apr 2002 09:38:10 +0200},
  biburl    = {http://dblp.uni-trier.de/rec/bib/conf/esop/1992},
  bibsource = {dblp computer science bibliography, http://dblp.org}
}

@inproceedings{DBLP:conf/cade/NieuwenhuisR92,
  author    = {Robert Nieuwenhuis and
               Albert Rubio},
  title     = {Theorem Proving with Ordering Constrained Clauses},
  booktitle = {Automated Deduction - CADE-11, 11th International Conference on Automated
               Deduction, Saratoga Springs, NY, USA, June 15-18, 1992, Proceedings},
  pages     = {477--491},
  year      = {1992},
  crossref  = {DBLP:conf/cade/1992},
  url       = {http://dx.doi.org/10.1007/3-540-55602-8_186},
  doi       = {10.1007/3-540-55602-8_186},
  timestamp = {Mon, 12 Oct 2009 13:08:35 +0200},
  biburl    = {http://dblp.uni-trier.de/rec/bib/conf/cade/NieuwenhuisR92},
  bibsource = {dblp computer science bibliography, http://dblp.org}
}

@inproceedings{DBLP:conf/stoc/Kozen77,
  author    = {Dexter Kozen},
  title     = {Complexity of Finitely Presented Algebras},
  booktitle = {Proceedings of the 9th Annual {ACM} Symposium on Theory of Computing,
               May 4-6, 1977, Boulder, Colorado, {USA}},
  pages     = {164--177},
  year      = {1977},
  crossref  = {DBLP:conf/stoc/STOC9},
  url       = {http://doi.acm.org/10.1145/800105.803406},
  doi       = {10.1145/800105.803406},
  timestamp = {Mon, 17 Oct 2011 17:25:06 +0200},
  biburl    = {http://dblp.uni-trier.de/rec/bib/conf/stoc/Kozen77},
  bibsource = {dblp computer science bibliography, http://dblp.org}
}
@proceedings{DBLP:conf/stoc/STOC9,
  editor    = {John E. Hopcroft and
               Emily P. Friedman and
               Michael A. Harrison},
  title     = {Proceedings of the 9th Annual {ACM} Symposium on Theory of Computing,
               May 4-6, 1977, Boulder, Colorado, {USA}},
  publisher = {{ACM}},
  year      = {1977},
  timestamp = {Mon, 17 Oct 2011 15:55:10 +0200},
  biburl    = {http://dblp.uni-trier.de/rec/bib/conf/stoc/STOC9},
  bibsource = {dblp computer science bibliography, http://dblp.org}
}

@inproceedings{DBLP:conf/cade/MouraB07,
  author    = {Leonardo Mendon{\c{c}}a de Moura and
               Nikolaj Bj{\o}rner},
  title     = {Efficient E-Matching for {SMT} Solvers},
  booktitle = {Automated Deduction - CADE-21, 21st International Conference on Automated
               Deduction, Bremen, Germany, July 17-20, 2007, Proceedings},
  pages     = {183--198},
  year      = {2007},
  crossref  = {DBLP:conf/cade/2007},
  url       = {http://dx.doi.org/10.1007/978-3-540-73595-3_13},
  doi       = {10.1007/978-3-540-73595-3_13},
  timestamp = {Wed, 05 Sep 2007 14:23:25 +0200},
  biburl    = {http://dblp.uni-trier.de/rec/bib/conf/cade/MouraB07},
  bibsource = {dblp computer science bibliography, http://dblp.org}
}
@proceedings{DBLP:conf/cade/2007,
  editor    = {Frank Pfenning},
  title     = {Automated Deduction - CADE-21, 21st International Conference on Automated
               Deduction, Bremen, Germany, July 17-20, 2007, Proceedings},
  series    = {Lecture Notes in Computer Science},
  volume    = {4603},
  publisher = {Springer},
  year      = {2007},
  isbn      = {978-3-540-73594-6},
  timestamp = {Wed, 05 Sep 2007 14:23:25 +0200},
  biburl    = {http://dblp.uni-trier.de/rec/bib/conf/cade/2007},
  bibsource = {dblp computer science bibliography, http://dblp.org}
}


@article{Paterson1978158,
title = "Linear unification ",
journal = "Journal of Computer and System Sciences ",
volume = "16",
number = "2",
pages = "158 - 167",
year = "1978",
note = "",
issn = "0022-0000",
doi = "http://dx.doi.org/10.1016/0022-0000(78)90043-0",
url = "http://www.sciencedirect.com/science/article/pii/0022000078900430",
author = "M.S. Paterson and M.N. Wegman"
}


@incollection{Sekar20011853,
title = "Chapter 26 - Term Indexing ",
editor = "Robinson, Alan  and Voronkov, Andrei ",
booktitle = "Handbook of Automated Reasoning ",
publisher = "North-Holland",
edition = "",
address = "Amsterdam",
year = "2001",
pages = "1853 - 1964",
series = "Handbook of Automated Reasoning",
isbn = "978-0-444-50813-3",
doi = "http://dx.doi.org/10.1016/B978-044450813-3/50028-X",
url = "http://www.sciencedirect.com/science/article/pii/B978044450813350028X",
author = "R. Sekar and I.V. Ramakrishnan and Andrei Voronkov"
}



@inproceedings{DBLP:conf/cade/BaumgartnerBW14,
  author    = {Peter Baumgartner and
               Joshua Bax and
               Uwe Waldmann},
  title     = {Finite Quantification in Hierarchic Theorem Proving},
  booktitle = {Automated Reasoning - 7th International Joint Conference, {IJCAR}
               2014, Held as Part of the Vienna Summer of Logic, {VSL} 2014, Vienna,
               Austria, July 19-22, 2014. Proceedings},
  pages     = {152--167},
  year      = {2014},
  crossref  = {DBLP:conf/cade/2014},
  url       = {http://dx.doi.org/10.1007/978-3-319-08587-6_11},
  doi       = {10.1007/978-3-319-08587-6_11},
  timestamp = {Wed, 02 Jul 2014 14:12:27 +0200},
  biburl    = {http://dblp.uni-trier.de/rec/bib/conf/cade/BaumgartnerBW14},
  bibsource = {dblp computer science bibliography, http://dblp.org}
}
@proceedings{DBLP:conf/cade/2014,
  editor    = {St{\'{e}}phane Demri and
               Deepak Kapur and
               Christoph Weidenbach},
  title     = {Automated Reasoning - 7th International Joint Conference, {IJCAR}
               2014, Held as Part of the Vienna Summer of Logic, {VSL} 2014, Vienna,
               Austria, July 19-22, 2014. Proceedings},
  series    = {Lecture Notes in Computer Science},
  volume    = {8562},
  publisher = {Springer},
  year      = {2014},
  url       = {http://dx.doi.org/10.1007/978-3-319-08587-6},
  doi       = {10.1007/978-3-319-08587-6},
  isbn      = {978-3-319-08586-9},
  timestamp = {Wed, 02 Jul 2014 14:02:31 +0200},
  biburl    = {http://dblp.uni-trier.de/rec/bib/conf/cade/2014},
  bibsource = {dblp computer science bibliography, http://dblp.org}
}


@article{DBLP:journals/tocl/HorbachW10,
  author    = {Matthias Horbach and
               Christoph Weidenbach},
  title     = {Superposition for fixed domains},
  journal   = {{ACM} Trans. Comput. Log.},
  volume    = {11},
  number    = {4},
  year      = {2010},
  url       = {http://doi.acm.org/10.1145/1805950.1805957},
  doi       = {10.1145/1805950.1805957},
  timestamp = {Fri, 16 Jul 2010 13:34:20 +0200},
  biburl    = {http://dblp.uni-trier.de/rec/bib/journals/tocl/HorbachW10},
  bibsource = {dblp computer science bibliography, http://dblp.org}
}
@proceedings{DBLP:conf/fmcad/2013,
  title     = {Formal Methods in Computer-Aided Design, {FMCAD} 2013, Portland, OR,
               USA, October 20-23, 2013},
  publisher = {{IEEE}},
  year      = {2013},
	key       = {FMCAD 2013},
  url       = {http://ieeexplore.ieee.org/xpl/mostRecentIssue.jsp?punumber=6675286},
  timestamp = {Wed, 11 Dec 2013 10:10:04 +0100},
  biburl    = {http://dblp.uni-trier.de/rec/bib/conf/fmcad/2013},
  bibsource = {dblp computer science bibliography, http://dblp.org}
}

@article{DBLP:journals/jar/BonacinaJ15,
  author    = {Maria Paola Bonacina and
               Moa Johansson},
  title     = {On Interpolation in Automated Theorem Proving},
  journal   = {J. Autom. Reasoning},
  volume    = {54},
  number    = {1},
  pages     = {69--97},
  year      = {2015},
  url       = {http://dx.doi.org/10.1007/s10817-014-9314-0},
  doi       = {10.1007/s10817-014-9314-0},
  timestamp = {Fri, 12 Dec 2014 13:54:01 +0100},
  biburl    = {http://dblp.uni-trier.de/rec/bib/journals/jar/BonacinaJ15},
  bibsource = {dblp computer science bibliography, http://dblp.org}
}

@inproceedings{DBLP:conf/cade/BachmairGLS92,
  author    = {Leo Bachmair and
               Harald Ganzinger and
               Christopher Lynch and
               Wayne Snyder},
  title     = {Basic Paramodulation and Superposition},
  booktitle = {Automated Deduction - CADE-11, 11th International Conference on Automated
               Deduction, Saratoga Springs, NY, USA, June 15-18, 1992, Proceedings},
  pages     = {462--476},
  year      = {1992},
  crossref  = {DBLP:conf/cade/1992},
  url       = {http://dx.doi.org/10.1007/3-540-55602-8_185},
  doi       = {10.1007/3-540-55602-8_185},
  timestamp = {Mon, 12 Oct 2009 13:08:35 +0200},
  biburl    = {http://dblp.uni-trier.de/rec/bib/conf/cade/BachmairGLS92},
  bibsource = {dblp computer science bibliography, http://dblp.org}
}
@proceedings{DBLP:conf/cade/1992,
  editor    = {Deepak Kapur},
  title     = {Automated Deduction - CADE-11, 11th International Conference on Automated
               Deduction, Saratoga Springs, NY, USA, June 15-18, 1992, Proceedings},
  series    = {Lecture Notes in Computer Science},
  volume    = {607},
  publisher = {Springer},
  year      = {1992},
  isbn      = {3-540-55602-8},
  timestamp = {Wed, 03 Jul 2002 09:55:41 +0200},
  biburl    = {http://dblp.uni-trier.de/rec/bib/conf/cade/1992},
  bibsource = {dblp computer science bibliography, http://dblp.org}
}

@article{DBLP:journals/corr/abs-1202-6148,
  author    = {Peter Baumgartner and
               Evgenij Thorstensen},
  title     = {Instance Based Methods --- {A} Brief Overview},
  journal   = {CoRR},
  volume    = {abs/1202.6148},
  year      = {2012},
  url       = {http://arxiv.org/abs/1202.6148},
  timestamp = {Wed, 10 Oct 2012 21:28:48 +0200},
  biburl    = {http://dblp.uni-trier.de/rec/bib/journals/corr/abs-1202-6148},
  bibsource = {dblp computer science bibliography, http://dblp.org}
}

@inproceedings{Reynolds:2014:FCI:2682923.2682957,
 author = {Reynolds, Andrew and Tinelli, Cesare and de Moura, Leonardo},
 title = {Finding Conflicting Instances of Quantified Formulas in SMT},
 booktitle = {Proceedings of the 14th Conference on Formal Methods in Computer-Aided Design},
 series = {FMCAD '14},
 year = {2014},
 isbn = {978-0-9835678-4-4},
 location = {Lausanne, Switzerland},
 pages = {31:195--31:202},
 articleno = {31},
 numpages = {8},
 url = {http://dl.acm.org/citation.cfm?id=2682923.2682957},
 acmid = {2682957},
 publisher = {FMCAD Inc},
 address = {Austin, TX},
} 
@proceedings{DBLP:conf/fmcad/2014,
  title     = {Formal Methods in Computer-Aided Design, {FMCAD} 2014, Lausanne, Switzerland,
               October 21-24, 2014},
  publisher = {{IEEE}},
  year      = {2014},
  url       = {http://ieeexplore.ieee.org/xpl/mostRecentIssue.jsp?punumber=6975680},
  isbn      = {978-0-9835678-4-4},
  timestamp = {Thu, 08 Jan 2015 11:21:45 +0100},
  biburl    = {http://dblp.uni-trier.de/rec/bib/conf/fmcad/2014},
  bibsource = {dblp computer science bibliography, http://dblp.org}
}

@inproceedings{DBLP:conf/cade/DrossCKP12,
  author    = {Claire Dross and
               Sylvain Conchon and
               Johannes Kanig and
               Andrei Paskevich},
  title     = {Reasoning with Triggers},
  booktitle = {10th International Workshop on Satisfiability Modulo Theories, {SMT}
               2012, Manchester, UK, June 30 - July 1, 2012},
  pages     = {22--31},
  year      = {2012},
  crossref  = {DBLP:conf/cade/2012smt},
  url       = {http://www.easychair.org/publications/?page=2135488790},
  timestamp = {Fri, 29 Nov 2013 15:22:52 +0100},
  biburl    = {http://dblp.uni-trier.de/rec/bib/conf/cade/DrossCKP12},
  bibsource = {dblp computer science bibliography, http://dblp.org}
}
@proceedings{DBLP:conf/cade/2012smt,
  editor    = {Pascal Fontaine and
               Amit Goel},
  title     = {10th International Workshop on Satisfiability Modulo Theories, {SMT}
               2012, Manchester, UK, June 30 - July 1, 2012},
  series    = {EPiC Series},
  volume    = {20},
  publisher = {EasyChair},
  year      = {2013},
  url       = {http://www.easychair.org/publications/?page=933681105},
  timestamp = {Fri, 29 Nov 2013 15:22:28 +0100},
  biburl    = {http://dblp.uni-trier.de/rec/bib/conf/cade/2012smt},
  bibsource = {dblp computer science bibliography, http://dblp.org}
}

@incollection{Baaz2001273,
title = "Chapter 5 - Normal Form Transformations ",
editor = "Robinson, Alan  and Voronkov, Andrei ",
booktitle = "Handbook of Automated Reasoning ",
publisher = "North-Holland",
edition = "",
address = "Amsterdam",
year = "2001",
pages = "273 - 333",
series = "Handbook of Automated Reasoning",
isbn = "978-0-444-50813-3",
doi = "http://dx.doi.org/10.1016/B978-044450813-3/50007-2",
url = "http://www.sciencedirect.com/science/article/pii/B9780444508133500072",
author = "Matthias Baaz and Uwe Egly and Alexander Leitsch and Jean Goubault-Larrecq and David Plaisted"
}

@article{DBLP:journals/jacm/Ben-SassonW01,
  author    = {Eli Ben{-}Sasson and
               Avi Wigderson},
  title     = {Short proofs are narrow - resolution made simple},
  journal   = {J. {ACM}},
  volume    = {48},
  number    = {2},
  pages     = {149--169},
  year      = {2001},
  url       = {http://doi.acm.org/10.1145/375827.375835},
  doi       = {10.1145/375827.375835},
  timestamp = {Thu, 20 Nov 2003 12:28:01 +0100},
  biburl    = {http://dblp.uni-trier.de/rec/bib/journals/jacm/Ben-SassonW01},
  bibsource = {dblp computer science bibliography, http://dblp.org}
}

@incollection{Baader2001445,
  author    = {Franz Baader and
               Wayne Snyder},
  title     = {Unification Theory},
  booktitle = {Handbook of Automated Reasoning (in 2 volumes)},
  pages     = {445--532},
  year      = {2001},
  crossref  = {DBLP:books/el/RobinsonV01},
  timestamp = {Thu, 03 Jan 2002 11:51:18 +0100},
  biburl    = {http://dblp.uni-trier.de/rec/bib/books/el/RV01/BaaderS01},
  bibsource = {dblp computer science bibliography, http://dblp.org}
}
@book{DBLP:books/el/RobinsonV01,
  editor    = {John Alan Robinson and
               Andrei Voronkov},
  title     = {Handbook of Automated Reasoning (in 2 volumes)},
  publisher = {Elsevier and {MIT} Press},
  year      = {2001},
  isbn      = {0-444-50813-9},
  timestamp = {Thu, 03 Jan 2002 11:51:18 +0100},
  biburl    = {http://dblp.uni-trier.de/rec/bib/books/el/RobinsonV01},
  bibsource = {dblp computer science bibliography, http://dblp.org}
}
@article{DBLP:journals/siamcomp/Cook78,
  author    = {Stephen A. Cook},
  title     = {Soundness and Completeness of an Axiom System for Program Verification},
  journal   = {{SIAM} J. Comput.},
  volume    = {7},
  number    = {1},
  pages     = {70--90},
  year      = {1978},
  url       = {http://dx.doi.org/10.1137/0207005},
  doi       = {10.1137/0207005},
  timestamp = {Thu, 29 Nov 2012 09:54:34 +0100},
  biburl    = {http://dblp.uni-trier.de/rec/bib/journals/siamcomp/Cook78},
  bibsource = {dblp computer science bibliography, http://dblp.org}
}

@InProceedings{Korovin2008,
	author="Korovin, Konstantin",
	editor="Armando, Alessandro
	and Baumgartner, Peter
	and Dowek, Gilles",
	title="iProver -- An Instantiation-Based Theorem Prover for First-Order Logic (System Description)",
	booktitle="Automated Reasoning: 4th International Joint Conference, IJCAR 2008 Sydney, Australia, August 12-15, 2008 Proceedings",
	year="2008",
	publisher="Springer Berlin Heidelberg",
	address="Berlin, Heidelberg",
	pages="292--298",
	isbn="978-3-540-71070-7",
	doi="10.1007/978-3-540-71070-7_24",
	url="http://dx.doi.org/10.1007/978-3-540-71070-7_24"
}

@InProceedings{HJL99,
  author =       {Th.~Hillenbrand and A.~Jaeger and B.~L\"{o}chner},
  title =        {System Description: \textsc{Wald\-mei\-ster} --
                  Improvements in Performance and Ease of Use},
  booktitle =    {Proceedings of the 16th International Conference
                  on Automated Deduction},
  pages =        {232--236},
  year =         1999,
  editor =       {H.~Ganzinger},
  volume =       1632,
  series =       {LNAI},
  publisher =    {Springer-Verlag}
}
@article{Leino:2005:EWP:1066417.1710882,
 author = {Leino, K. Rustan M.},
 title = {Efficient Weakest Preconditions},
 journal = {Inf. Process. Lett.},
 issue_date = {31 March 2005},
 volume = {93},
 number = {6},
 month = mar,
 year = {2005},
 issn = {0020-0190},
 pages = {281--288},
 numpages = {8},
 url = {http://dx.doi.org/10.1016/j.ipl.2004.10.015},
 doi = {10.1016/j.ipl.2004.10.015},
 acmid = {1710882},
 publisher = {Elsevier North-Holland, Inc.},
 address = {Amsterdam, The Netherlands, The Netherlands},
 keywords = {Automatic theorem proving, Formal semantics, Program correctness},
} 

@inproceedings{DBLP:conf/cav/GurfinkelKKN15,
  author    = {Arie Gurfinkel and
               Temesghen Kahsai and
               Anvesh Komuravelli and
               Jorge A. Navas},
  title     = {The SeaHorn Verification Framework},
  booktitle = {Computer Aided Verification - 27th International Conference, {CAV}
               2015, San Francisco, CA, USA, July 18-24, 2015, Proceedings, Part
               {I}},
  pages     = {343--361},
  year      = {2015},
  crossref  = {DBLP:conf/cav/2015-1},
  url       = {http://dx.doi.org/10.1007/978-3-319-21690-4_20},
  doi       = {10.1007/978-3-319-21690-4_20},
  timestamp = {Mon, 20 Jul 2015 11:27:14 +0200},
  biburl    = {http://dblp.uni-trier.de/rec/bib/conf/cav/GurfinkelKKN15},
  bibsource = {dblp computer science bibliography, http://dblp.org}
}
@proceedings{DBLP:conf/cav/2015-1,
  editor    = {Daniel Kroening and
               Corina S. Pasareanu},
  title     = {Computer Aided Verification - 27th International Conference, {CAV}
               2015, San Francisco, CA, USA, July 18-24, 2015, Proceedings, Part
               {I}},
  series    = {Lecture Notes in Computer Science},
  volume    = {9206},
  publisher = {Springer},
  year      = {2015},
  url       = {http://dx.doi.org/10.1007/978-3-319-21690-4},
  doi       = {10.1007/978-3-319-21690-4},
  isbn      = {978-3-319-21689-8},
  timestamp = {Mon, 20 Jul 2015 11:21:17 +0200},
  biburl    = {http://dblp.uni-trier.de/rec/bib/conf/cav/2015-1},
  bibsource = {dblp computer science bibliography, http://dblp.org}
}
@book{Bradley:2007:CCD:1324777,
 author = {Bradley, Aaron R. and Manna, Zohar},
 title = {The Calculus of Computation: Decision Procedures with Applications to Verification},
 year = {2007},
 isbn = {3540741127},
 publisher = {Springer-Verlag New York, Inc.},
 address = {Secaucus, NJ, USA},
} 

@INPROCEEDINGS{932480, 
	author={A. Stump and C. W. Barrett and D. L. Dill and J. Levitt}, 
	booktitle={Logic in Computer Science, 2001. Proceedings. 16th Annual IEEE Symposium on}, 
	title={A decision procedure for an extensional theory of arrays}, 
	year={2001}, 
	pages={29-37}, 
	keywords={arrays;data structures;decidability;formal verification;program diagnostics;theorem proving;array theory;automated theorem proving;correctness proof;decision procedure;extensional theory;formal verification;program analysis;Application software;Design automation;Equations;Formal verification;Laboratories;Libraries;Logic arrays}, 
	doi={10.1109/LICS.2001.932480}, 
	ISSN={1043-6871}, 
	month={},
}

@article{DBLP:journals/toplas/NelsonO79,
  author    = {Greg Nelson and
               Derek C. Oppen},
  title     = {Simplification by Cooperating Decision Procedures},
  journal   = {{ACM} Trans. Program. Lang. Syst.},
  volume    = {1},
  number    = {2},
  pages     = {245--257},
  year      = {1979},
  url       = {http://doi.acm.org/10.1145/357073.357079},
  doi       = {10.1145/357073.357079},
  timestamp = {Mon, 03 Apr 2006 11:19:31 +0200},
  biburl    = {http://dblp.uni-trier.de/rec/bib/journals/toplas/NelsonO79},
  bibsource = {dblp computer science bibliography, http://dblp.org}
}
@inproceedings{DBLP:conf/csl/KorovinV07,
  author    = {Konstantin Korovin and
               Andrei Voronkov},
  title     = {Integrating Linear Arithmetic into Superposition Calculus},
  booktitle = {Computer Science Logic, 21st International Workshop, {CSL} 2007, 16th
               Annual Conference of the EACSL, Lausanne, Switzerland, September 11-15,
               2007, Proceedings},
  pages     = {223--237},
  year      = {2007},
  crossref  = {DBLP:conf/csl/2007},
  url       = {http://dx.doi.org/10.1007/978-3-540-74915-8_19},
  doi       = {10.1007/978-3-540-74915-8_19},
  timestamp = {Wed, 29 Aug 2007 15:09:44 +0200},
  biburl    = {http://dblp.uni-trier.de/rec/bib/conf/csl/KorovinV07},
  bibsource = {dblp computer science bibliography, http://dblp.org}
}
@proceedings{DBLP:conf/csl/2007,
  editor    = {Jacques Duparc and
               Thomas A. Henzinger},
  title     = {Computer Science Logic, 21st International Workshop, {CSL} 2007, 16th
               Annual Conference of the EACSL, Lausanne, Switzerland, September 11-15,
               2007, Proceedings},
  series    = {Lecture Notes in Computer Science},
  volume    = {4646},
  publisher = {Springer},
  year      = {2007},
  isbn      = {978-3-540-74914-1},
  timestamp = {Wed, 29 Aug 2007 15:09:44 +0200},
  biburl    = {http://dblp.uni-trier.de/rec/bib/conf/csl/2007},
  bibsource = {dblp computer science bibliography, http://dblp.org}
}
@article{DBLP:journals/jacm/DavisP60,
  author    = {Martin Davis and
               Hilary Putnam},
  title     = {A Computing Procedure for Quantification Theory},
  journal   = {J. {ACM}},
  volume    = {7},
  number    = {3},
  pages     = {201--215},
  year      = {1960},
  url       = {http://doi.acm.org/10.1145/321033.321034},
  doi       = {10.1145/321033.321034},
  timestamp = {Fri, 29 Feb 2008 08:13:22 +0100},
  biburl    = {http://dblp.uni-trier.de/rec/bib/journals/jacm/DavisP60},
  bibsource = {dblp computer science bibliography, http://dblp.org}
}

@article{DBLP:journals/cacm/DavisLL62,
  author    = {Martin Davis and
               George Logemann and
               Donald W. Loveland},
  title     = {A machine program for theorem-proving},
  journal   = {Commun. {ACM}},
  volume    = {5},
  number    = {7},
  pages     = {394--397},
  year      = {1962},
  url       = {http://doi.acm.org/10.1145/368273.368557},
  doi       = {10.1145/368273.368557},
  timestamp = {Thu, 20 Nov 2003 13:05:43 +0100},
  biburl    = {http://dblp.uni-trier.de/rec/bib/journals/cacm/DavisLL62},
  bibsource = {dblp computer science bibliography, http://dblp.org}
}

@article{Robinson:1965:MLB:321250.321253,
 author = {Robinson, J. A.},
 title = {A Machine-Oriented Logic Based on the Resolution Principle},
 journal = {J. ACM},
 issue_date = {Jan. 1965},
 volume = {12},
 number = {1},
 month = jan,
 year = {1965},
 issn = {0004-5411},
 pages = {23--41},
 numpages = {19},
 url = {http://doi.acm.org/10.1145/321250.321253},
 doi = {10.1145/321250.321253},
 acmid = {321253},
 publisher = {ACM},
 address = {New York, NY, USA},
} 


@inproceedings{DBLP:conf/cav/GeM09,
  author    = {Yeting Ge and
               Leonardo Mendon{\c{c}}a de Moura},
  title     = {Complete Instantiation for Quantified Formulas in Satisfiabiliby Modulo
               Theories},
  booktitle = {Computer Aided Verification, 21st International Conference, {CAV}
               2009, Grenoble, France, June 26 - July 2, 2009. Proceedings},
  pages     = {306--320},
  year      = {2009},
  crossref  = {DBLP:conf/cav/2009},
  url       = {http://dx.doi.org/10.1007/978-3-642-02658-4_25},
  doi       = {10.1007/978-3-642-02658-4_25},
  timestamp = {Thu, 25 Jun 2009 12:22:34 +0200},
  biburl    = {http://dblp.uni-trier.de/rec/bib/conf/cav/GeM09},
  bibsource = {dblp computer science bibliography, http://dblp.org}
}
@proceedings{DBLP:conf/cav/2009,
  editor    = {Ahmed Bouajjani and
               Oded Maler},
  title     = {Computer Aided Verification, 21st International Conference, {CAV}
               2009, Grenoble, France, June 26 - July 2, 2009. Proceedings},
  series    = {Lecture Notes in Computer Science},
  volume    = {5643},
  publisher = {Springer},
  year      = {2009},
  url       = {http://dx.doi.org/10.1007/978-3-642-02658-4},
  doi       = {10.1007/978-3-642-02658-4},
  isbn      = {978-3-642-02657-7},
  timestamp = {Thu, 25 Jun 2009 12:21:10 +0200},
  biburl    = {http://dblp.uni-trier.de/rec/bib/conf/cav/2009},
  bibsource = {dblp computer science bibliography, http://dblp.org}
}

@article{DBLP:journals/entcs/ConchonCKL08,
  author    = {Sylvain Conchon and
               Evelyne Contejean and
               Johannes Kanig and
               St{\'{e}}phane Lescuyer},
  title     = {{CC(X):} Semantic Combination of Congruence Closure with Solvable
               Theories},
  journal   = {Electr. Notes Theor. Comput. Sci.},
  volume    = {198},
  number    = {2},
  pages     = {51--69},
  year      = {2008},
  url       = {http://dx.doi.org/10.1016/j.entcs.2008.04.080},
  doi       = {10.1016/j.entcs.2008.04.080},
  timestamp = {Wed, 11 Jun 2008 14:39:41 +0200},
  biburl    = {http://dblp.uni-trier.de/rec/bib/journals/entcs/ConchonCKL08},
  bibsource = {dblp computer science bibliography, http://dblp.org}
}

@inproceedings{DBLP:conf/cade/ReynoldsTGKDB13,
  author    = {Andrew Reynolds and
               Cesare Tinelli and
               Amit Goel and
               Sava Krstic and
               Morgan Deters and
               Clark Barrett},
  title     = {Quantifier Instantiation Techniques for Finite Model Finding in {SMT}},
  booktitle = {Automated Deduction - {CADE-24} - 24th International Conference on
               Automated Deduction, Lake Placid, NY, USA, June 9-14, 2013. Proceedings},
  pages     = {377--391},
  year      = {2013},
  crossref  = {DBLP:conf/cade/2013},
  url       = {http://dx.doi.org/10.1007/978-3-642-38574-2_26},
  doi       = {10.1007/978-3-642-38574-2_26},
  timestamp = {Sat, 15 Jun 2013 19:33:15 +0200},
  biburl    = {http://dblp.uni-trier.de/rec/bib/conf/cade/ReynoldsTGKDB13},
  bibsource = {dblp computer science bibliography, http://dblp.org}
}
@MastersThesis{Fuchs:Darwin:Thesis:2004,
  author = 	 {Alexander Fuchs},
  title = 	 {{D}arwin: {A} {T}heorem {P}rover for the {M}odel {E}volution
		  {C}alculus},
  school = 	 {University of Koblenz-Landau},
  year = 	 2004,
}


@article{DBLP:journals/logcom/BachmairG94,
  author    = {Leo Bachmair and
               Harald Ganzinger},
  title     = {Rewrite-Based Equational Theorem Proving with Selection and Simplification},
  journal   = {J. Log. Comput.},
  volume    = {4},
  number    = {3},
  pages     = {217--247},
  year      = {1994},
  url       = {http://dx.doi.org/10.1093/logcom/4.3.217},
  doi       = {10.1093/logcom/4.3.217},
  timestamp = {Wed, 29 Jun 2011 15:52:27 +0200},
  biburl    = {http://dblp.uni-trier.de/rec/bib/journals/logcom/BachmairG94},
  bibsource = {dblp computer science bibliography, http://dblp.org}
}


@inproceedings{DBLP:conf/cade/KorovinS10,
  author    = {Konstantin Korovin and
               Christoph Sticksel},
  title     = {iProver-Eq: An Instantiation-Based Theorem Prover with Equality},
  booktitle = {Automated Reasoning, 5th International Joint Conference, {IJCAR} 2010,
               Edinburgh, UK, July 16-19, 2010. Proceedings},
  pages     = {196--202},
  year      = {2010},
  crossref  = {DBLP:conf/cade/2010},
  url       = {http://dx.doi.org/10.1007/978-3-642-14203-1_17},
  doi       = {10.1007/978-3-642-14203-1_17},
  timestamp = {Tue, 25 Jan 2011 17:13:32 +0100},
  biburl    = {http://dblp.uni-trier.de/rec/bib/conf/cade/KorovinS10},
  bibsource = {dblp computer science bibliography, http://dblp.org}
}
@proceedings{DBLP:conf/cade/2010,
  editor    = {J{\"{u}}rgen Giesl and
               Reiner H{\"{a}}hnle},
  title     = {Automated Reasoning, 5th International Joint Conference, {IJCAR} 2010,
               Edinburgh, UK, July 16-19, 2010. Proceedings},
  series    = {Lecture Notes in Computer Science},
  volume    = {6173},
  publisher = {Springer},
  year      = {2010},
  url       = {http://dx.doi.org/10.1007/978-3-642-14203-1},
  doi       = {10.1007/978-3-642-14203-1},
  isbn      = {978-3-642-14202-4},
  timestamp = {Tue, 25 Jan 2011 17:13:32 +0100},
  biburl    = {http://dblp.uni-trier.de/rec/bib/conf/cade/2010},
  bibsource = {dblp computer science bibliography, http://dblp.org}
}


@inproceedings{DBLP:conf/sigada/Leino12a,
  author    = {K. Rustan M. Leino},
  title     = {Program proving using intermediate verification languages (IVLs) like
               boogie and why3},
  booktitle = {Proceedings of the 2012 {ACM} Conference on High Integrity Language
               Technology, {HILT} '12, December 2-6, 2012, Boston, Massachusetts,
               {USA}},
  pages     = {25--26},
  year      = {2012},
  crossref  = {DBLP:conf/sigada/2012},
  url       = {http://doi.acm.org/10.1145/2402676.2402689},
  doi       = {10.1145/2402676.2402689},
  timestamp = {Wed, 05 Dec 2012 15:24:45 +0100},
  biburl    = {http://dblp.uni-trier.de/rec/bib/conf/sigada/Leino12a},
  bibsource = {dblp computer science bibliography, http://dblp.org}
}
@proceedings{DBLP:conf/sigada/2012,
  editor    = {Ben Brosgol and
               Jeff Boleng and
               S. Tucker Taft},
  title     = {Proceedings of the 2012 {ACM} Conference on High Integrity Language
               Technology, {HILT} '12, December 2-6, 2012, Boston, Massachusetts,
               {USA}},
  publisher = {{ACM}},
  year      = {2012},
  url       = {http://dl.acm.org/citation.cfm?id=2402676},
  isbn      = {978-1-4503-1505-0},
  timestamp = {Wed, 05 Dec 2012 15:18:53 +0100},
  biburl    = {http://dblp.uni-trier.de/rec/bib/conf/sigada/2012},
  bibsource = {dblp computer science bibliography, http://dblp.org}
}


@article{DBLP:journals/jacm/DetlefsNS05,
  author    = {David Detlefs and
               Greg Nelson and
               James B. Saxe},
  title     = {Simplify: a theorem prover for program checking},
  journal   = {J. {ACM}},
  volume    = {52},
  number    = {3},
  pages     = {365--473},
  year      = {2005},
  url       = {http://doi.acm.org/10.1145/1066100.1066102},
  doi       = {10.1145/1066100.1066102},
  timestamp = {Thu, 09 Feb 2006 13:34:10 +0100},
  biburl    = {http://dblp.uni-trier.de/rec/bib/journals/jacm/DetlefsNS05},
  bibsource = {dblp computer science bibliography, http://dblp.org}
}


@inproceedings{DBLP:conf/tacas/AlbarghouthiGC12,
  author    = {Aws Albarghouthi and
               Arie Gurfinkel and
               Marsha Chechik},
  title     = {From Under-Approximations to Over-Approximations and Back},
  booktitle = {Tools and Algorithms for the Construction and Analysis of Systems
               - 18th International Conference, {TACAS} 2012, Held as Part of the
               European Joint Conferences on Theory and Practice of Software, {ETAPS}
               2012, Tallinn, Estonia, March 24 - April 1, 2012. Proceedings},
  pages     = {157--172},
  year      = {2012},
  crossref  = {DBLP:conf/tacas/2012},
  url       = {http://dx.doi.org/10.1007/978-3-642-28756-5_12},
  doi       = {10.1007/978-3-642-28756-5_12},
  timestamp = {Wed, 07 Jan 2015 18:21:20 +0100},
  biburl    = {http://dblp.uni-trier.de/rec/bib/conf/tacas/AlbarghouthiGC12},
  bibsource = {dblp computer science bibliography, http://dblp.org}
}


@article{DBLP:journals/aml/GradelOR99,
  author    = {Erich Gr{\"{a}}del and
               Martin Otto and
               Eric Rosen},
  title     = {Undecidability results on two-variable logics},
  journal   = {Arch. Math. Log.},
  volume    = {38},
  number    = {4-5},
  pages     = {313--354},
  year      = {1999},
  url       = {http://dx.doi.org/10.1007/s001530050130},
  doi       = {10.1007/s001530050130},
  timestamp = {Mon, 26 Oct 2015 19:18:46 +0100},
  biburl    = {http://dblp.uni-trier.de/rec/bib/journals/aml/GradelOR99},
  bibsource = {dblp computer science bibliography, http://dblp.org}
}


@inproceedings{DBLP:conf/csl/ImmermanRRSY04,
  author    = {Neil Immerman and
               Alexander Moshe Rabinovich and
               Thomas W. Reps and
               Shmuel Sagiv and
               Greta Yorsh},
  title     = {The Boundary Between Decidability and Undecidability for Transitive-Closure
               Logics},
  booktitle = {Computer Science Logic, 18th International Workshop, {CSL} 2004, 13th
               Annual Conference of the EACSL, Karpacz, Poland, September 20-24,
               2004, Proceedings},
  pages     = {160--174},
  year      = {2004},
  crossref  = {DBLP:conf/csl/2004},
  url       = {http://dx.doi.org/10.1007/978-3-540-30124-0_15},
  doi       = {10.1007/978-3-540-30124-0_15},
  timestamp = {Thu, 04 Aug 2011 14:29:25 +0200},
  biburl    = {http://dblp.uni-trier.de/rec/bib/conf/csl/ImmermanRRSY04},
  bibsource = {dblp computer science bibliography, http://dblp.org}
}
@proceedings{DBLP:conf/csl/2004,
  editor    = {Jerzy Marcinkowski and
               Andrzej Tarlecki},
  title     = {Computer Science Logic, 18th International Workshop, {CSL} 2004, 13th
               Annual Conference of the EACSL, Karpacz, Poland, September 20-24,
               2004, Proceedings},
  series    = {Lecture Notes in Computer Science},
  volume    = {3210},
  publisher = {Springer},
  year      = {2004},
  isbn      = {3-540-23024-6},
  timestamp = {Tue, 14 Sep 2004 09:13:43 +0200},
  biburl    = {http://dblp.uni-trier.de/rec/bib/conf/csl/2004},
  bibsource = {dblp computer science bibliography, http://dblp.org}
}


@inproceedings{DBLP:conf/vmcai/0001SS16,
  author    = {Peter M{\"{u}}ller and
               Malte Schwerhoff and
               Alexander J. Summers},
  title     = {Viper: {A} Verification Infrastructure for Permission-Based Reasoning},
  booktitle = {Verification, Model Checking, and Abstract Interpretation - 17th International
               Conference, {VMCAI} 2016, St. Petersburg, FL, USA, January 17-19,
               2016. Proceedings},
  pages     = {41--62},
  year      = {2016},
  crossref  = {DBLP:conf/vmcai/2016},
  url       = {http://dx.doi.org/10.1007/978-3-662-49122-5_2},
  doi       = {10.1007/978-3-662-49122-5_2},
  timestamp = {Tue, 05 Jan 2016 12:40:34 +0100},
  biburl    = {http://dblp.uni-trier.de/rec/bib/conf/vmcai/0001SS16},
  bibsource = {dblp computer science bibliography, http://dblp.org}
}
@proceedings{DBLP:conf/vmcai/2016,
  editor    = {Barbara Jobstmann and
               K. Rustan M. Leino},
  title     = {Verification, Model Checking, and Abstract Interpretation - 17th International
               Conference, {VMCAI} 2016, St. Petersburg, FL, USA, January 17-19,
               2016. Proceedings},
  series    = {Lecture Notes in Computer Science},
  volume    = {9583},
  publisher = {Springer},
  year      = {2016},
  url       = {http://dx.doi.org/10.1007/978-3-662-49122-5},
  doi       = {10.1007/978-3-662-49122-5},
  isbn      = {978-3-662-49121-8},
  timestamp = {Tue, 05 Jan 2016 12:36:00 +0100},
  biburl    = {http://dblp.uni-trier.de/rec/bib/conf/vmcai/2016},
  bibsource = {dblp computer science bibliography, http://dblp.org}
}

 @inproceedings{MuellerSchwerhoffSummers16b,
 author = {P. M\"uller and M. Schwerhoff and A. J. Summers},
 title = {Automatic Verification of Iterated Separating Conjunctions using Symbolic Execution},
 booktitle = {Computer Aided Verification (CAV)},
 year = {2016},
 series = {LNCS},
 publisher = {Springer-Verlag},
 note = {To appear}
}
 

@inproceedings{DBLP:conf/fmcad/SheeranS98,
  author    = {Mary Sheeran and
               Gunnar St{\aa}lmarck},
  title     = {A Tutorial on St{\aa}lmarcks's Proof Procedure for Propositional Logic},
  booktitle = {Formal Methods in Computer-Aided Design, Second International Conference,
               {FMCAD} '98, Palo Alto, California, USA, November 4-6, 1998, Proceedings},
  pages     = {82--99},
  year      = {1998},
  crossref  = {DBLP:conf/fmcad/1998},
  url       = {http://dx.doi.org/10.1007/3-540-49519-3_7},
  doi       = {10.1007/3-540-49519-3_7},
  timestamp = {Fri, 17 Jun 2011 14:11:24 +0200},
  biburl    = {http://dblp.uni-trier.de/rec/bib/conf/fmcad/SheeranS98},
  bibsource = {dblp computer science bibliography, http://dblp.org}
}
@proceedings{DBLP:conf/fmcad/1998,
  editor    = {Ganesh Gopalakrishnan and
               Phillip J. Windley},
  title     = {Formal Methods in Computer-Aided Design, Second International Conference,
               {FMCAD} '98, Palo Alto, California, USA, November 4-6, 1998, Proceedings},
  series    = {Lecture Notes in Computer Science},
  volume    = {1522},
  publisher = {Springer},
  year      = {1998},
  isbn      = {3-540-65191-8},
  timestamp = {Sun, 04 Aug 2002 17:29:07 +0200},
  biburl    = {http://dblp.uni-trier.de/rec/bib/conf/fmcad/1998},
  bibsource = {dblp computer science bibliography, http://dblp.org}
}


@Article{Björk2009,
	author="Bj{\"o}rk, Magnus",
	title="First Order St{\aa}lmarck",
	journal="Journal of Automated Reasoning",
	year="2009",
	volume="42",
	number="1",
	pages="99--122",
	abstract="We present a proof method with a novel way of introducing universal lemmas. The method is a first order extension of St{\aa}lmarck's method, containing a branch-and-merge rule known as the dilemma rule. The dilemma rule creates two branches in a tableau-like way, but later recombines the two branches, keeping the common consequences. While the propositional version uses normal set intersection in the merges, the first order version searches for pairwise unifiable formulae in the two branches. Within branches, the system uses a special kind of variables that may not be substituted. At branch merges, these variables are replaced by universal variables, and in this way universal lemmas can be introduced. Relevant splitting formulae are found through failed unifications of variables in branches. This article presents the calculus and proof procedure, and shows soundness and completeness. Benchmarks of an implementation are also presented.",
	issn="1573-0670",
	doi="10.1007/s10817-008-9115-4",
	url="http://dx.doi.org/10.1007/s10817-008-9115-4"
}


@inproceedings{Boyland:2014:CSA:2635631.2635847,
 author = {Boyland, John Tang and M\"{u}ller, Peter and Schwerhoff, Malte and Summers, Alexander J.},
 title = {Constraint Semantics for Abstract Read Permissions},
 booktitle = {Proceedings of 16th Workshop on Formal Techniques for Java-like Programs},
 series = {FTfJP'14},
 year = {2014},
 isbn = {978-1-4503-2866-1},
 location = {Uppsala, Sweden},
 pages = {2:1--2:6},
 articleno = {2},
 numpages = {6},
 url = {http://doi.acm.org/10.1145/2635631.2635847},
 doi = {10.1145/2635631.2635847},
 acmid = {2635847},
 publisher = {ACM},
 address = {New York, NY, USA},
} 


@inproceedings{DBLP:conf/cav/BarrettDS02,
  author    = {Clark W. Barrett and
               David L. Dill and
               Aaron Stump},
  title     = {Checking Satisfiability of First-Order Formulas by Incremental Translation
               to {SAT}},
  booktitle = {Computer Aided Verification, 14th International Conference, {CAV}
               2002,Copenhagen, Denmark, July 27-31, 2002, Proceedings},
  pages     = {236--249},
  year      = {2002},
  crossref  = {DBLP:conf/cav/2002},
  url       = {http://dx.doi.org/10.1007/3-540-45657-0_18},
  doi       = {10.1007/3-540-45657-0_18},
  timestamp = {Fri, 01 Jul 2011 13:40:51 +0200},
  biburl    = {http://dblp.uni-trier.de/rec/bib/conf/cav/BarrettDS02},
  bibsource = {dblp computer science bibliography, http://dblp.org}
}
@proceedings{DBLP:conf/cav/2002,
  editor    = {Ed Brinksma and
               Kim Guldstrand Larsen},
  title     = {Computer Aided Verification, 14th International Conference, {CAV}
               2002,Copenhagen, Denmark, July 27-31, 2002, Proceedings},
  series    = {Lecture Notes in Computer Science},
  volume    = {2404},
  publisher = {Springer},
  year      = {2002},
  isbn      = {3-540-43997-8},
  timestamp = {Wed, 09 Oct 2002 15:55:21 +0200},
  biburl    = {http://dblp.uni-trier.de/rec/bib/conf/cav/2002},
  bibsource = {dblp computer science bibliography, http://dblp.org}
}


@inproceedings{Kotelnikov:2016:VF:2854065.2854071,
 author = {Kotelnikov, Evgenii and Kov\'{a}cs, Laura and Reger, Giles and Voronkov, Andrei},
 title = {The Vampire and the FOOL},
 booktitle = {Proceedings of the 5th ACM SIGPLAN Conference on Certified Programs and Proofs},
 series = {CPP 2016},
 year = {2016},
 isbn = {978-1-4503-4127-1},
 location = {St. Petersburg, FL, USA},
 pages = {37--48},
 numpages = {12},
 url = {http://doi.acm.org/10.1145/2854065.2854071},
 doi = {10.1145/2854065.2854071},
 acmid = {2854071},
 publisher = {ACM},
 address = {New York, NY, USA},
 keywords = {TPTP, Vampire, automated theorem proving, first-order logic, program analysis, program verification},
} 

@article{CDW14,
  author   = {Cok, David R. and David D{\'{e}}harbe and Tjark Weber},
  title    = {The 2014 {SMT} Competition},
  journal  = {Journal on Satisfiability, Boolean Modeling and Computation},
  volume   = {9},
  pages    = {207-242},
  year     = {2014},
  url      = {https://satassociation.org/jsat/index.php/jsat/article/view/122}
}


@inproceedings{DBLP:conf/cade/BoutonODF09,
  author    = {Thomas Bouton and
               Diego Caminha B. de Oliveira and
               David D{\'{e}}harbe and
               Pascal Fontaine},
  title     = {veriT: An Open, Trustable and Efficient SMT-Solver},
  booktitle = {Automated Deduction - CADE-22, 22nd International Conference on Automated
               Deduction, Montreal, Canada, August 2-7, 2009. Proceedings},
  pages     = {151--156},
  year      = {2009},
  crossref  = {DBLP:conf/cade/2009},
  url       = {http://dx.doi.org/10.1007/978-3-642-02959-2_12},
  doi       = {10.1007/978-3-642-02959-2_12},
  timestamp = {Wed, 29 Jul 2009 15:18:30 +0200},
  biburl    = {http://dblp.uni-trier.de/rec/bib/conf/cade/BoutonODF09},
  bibsource = {dblp computer science bibliography, http://dblp.org}
}

@inproceedings{DBLP:conf/cade/BaumgartnerBW15,
  author    = {Peter Baumgartner and
               Joshua Bax and
               Uwe Waldmann},
  title     = {Beagle - {A} Hierarchic Superposition Theorem Prover},
  booktitle = {Automated Deduction - {CADE-25} - 25th International Conference on
               Automated Deduction, Berlin, Germany, August 1-7, 2015, Proceedings},
  pages     = {367--377},
  year      = {2015},
  crossref  = {DBLP:conf/cade/2015},
  url       = {http://dx.doi.org/10.1007/978-3-319-21401-6_25},
  doi       = {10.1007/978-3-319-21401-6_25},
  timestamp = {Fri, 31 Jul 2015 13:18:27 +0200},
  biburl    = {http://dblp.uni-trier.de/rec/bib/conf/cade/BaumgartnerBW15},
  bibsource = {dblp computer science bibliography, http://dblp.org}
}


@article{DBLP:journals/corr/ReynoldsDKBT15,
  author    = {Andrew Reynolds and
               Morgan Deters and
               Viktor Kuncak and
               Clark W. Barrett and
               Cesare Tinelli},
  title     = {On Counterexample Guided Quantifier Instantiation for Synthesis in
               {CVC4}},
  journal   = {CoRR},
  volume    = {abs/1502.04464},
  year      = {2015},
  url       = {http://arxiv.org/abs/1502.04464},
  timestamp = {Mon, 02 Mar 2015 14:17:34 +0100},
  biburl    = {http://dblp.uni-trier.de/rec/bib/journals/corr/ReynoldsDKBT15},
  bibsource = {dblp computer science bibliography, http://dblp.org}
}


@inproceedings{DBLP:conf/fmcad/ReynoldsTM14,
  author    = {Andrew Reynolds and
               Cesare Tinelli and
               Leonardo Mendon{\c{c}}a de Moura},
  title     = {Finding conflicting instances of quantified formulas in {SMT}},
  booktitle = {Formal Methods in Computer-Aided Design, {FMCAD} 2014, Lausanne, Switzerland,
               October 21-24, 2014},
  pages     = {195--202},
  year      = {2014},
  crossref  = {DBLP:conf/fmcad/2014},
  url       = {http://dx.doi.org/10.1109/FMCAD.2014.6987613},
  doi       = {10.1109/FMCAD.2014.6987613},
  timestamp = {Thu, 08 Jan 2015 12:08:58 +0100},
  biburl    = {http://dblp.uni-trier.de/rec/bib/conf/fmcad/ReynoldsTM14},
  bibsource = {dblp computer science bibliography, http://dblp.org}
}
@proceedings{DBLP:conf/fmcad/2014,
  title     = {Formal Methods in Computer-Aided Design, {FMCAD} 2014, Lausanne, Switzerland,
               October 21-24, 2014},
  publisher = {{IEEE}},
  year      = {2014},
  url       = {http://ieeexplore.ieee.org/xpl/mostRecentIssue.jsp?punumber=6975680},
  isbn      = {978-0-9835678-4-4},
  timestamp = {Thu, 08 Jan 2015 11:21:45 +0100},
  biburl    = {http://dblp.uni-trier.de/rec/bib/conf/fmcad/2014},
  bibsource = {dblp computer science bibliography, http://dblp.org}
}




@inproceedings{DBLP:conf/tacas/LeinoR10,
  author    = {K. Rustan M. Leino and
               Philipp R{\"{u}}mmer},
  title     = {A Polymorphic Intermediate Verification Language: Design and Logical
               Encoding},
  booktitle = {Tools and Algorithms for the Construction and Analysis of Systems,
               16th International Conference, {TACAS} 2010, Held as Part of the Joint
               European Conferences on Theory and Practice of Software, {ETAPS} 2010,
               Paphos, Cyprus, March 20-28, 2010. Proceedings},
  pages     = {312--327},
  year      = {2010},
  crossref  = {DBLP:conf/tacas/2010},
  url       = {http://dx.doi.org/10.1007/978-3-642-12002-2_26},
  doi       = {10.1007/978-3-642-12002-2_26},
  timestamp = {Mon, 15 Mar 2010 17:34:39 +0100},
  biburl    = {http://dblp.uni-trier.de/rec/bib/conf/tacas/LeinoR10},
  bibsource = {dblp computer science bibliography, http://dblp.org}
}
@proceedings{DBLP:conf/tacas/2010,
  editor    = {Javier Esparza and
               Rupak Majumdar},
  title     = {Tools and Algorithms for the Construction and Analysis of Systems,
               16th International Conference, {TACAS} 2010, Held as Part of the Joint
               European Conferences on Theory and Practice of Software, {ETAPS} 2010,
               Paphos, Cyprus, March 20-28, 2010. Proceedings},
  series    = {Lecture Notes in Computer Science},
  volume    = {6015},
  publisher = {Springer},
  year      = {2010},
  url       = {http://dx.doi.org/10.1007/978-3-642-12002-2},
  doi       = {10.1007/978-3-642-12002-2},
  isbn      = {978-3-642-12001-5},
  timestamp = {Mon, 15 Mar 2010 17:32:35 +0100},
  biburl    = {http://dblp.uni-trier.de/rec/bib/conf/tacas/2010},
  bibsource = {dblp computer science bibliography, http://dblp.org}
}

@proceedings{DBLP:conf/cade/2015,
  editor    = {Amy P. Felty and
               Aart Middeldorp},
  title     = {Automated Deduction - {CADE-25} - 25th International Conference on
               Automated Deduction, Berlin, Germany, August 1-7, 2015, Proceedings},
  series    = {Lecture Notes in Computer Science},
  volume    = {9195},
  publisher = {Springer},
  year      = {2015},
  url       = {http://dx.doi.org/10.1007/978-3-319-21401-6},
  doi       = {10.1007/978-3-319-21401-6},
  isbn      = {978-3-319-21400-9},
  timestamp = {Fri, 31 Jul 2015 13:15:07 +0200},
  biburl    = {http://dblp.uni-trier.de/rec/bib/conf/cade/2015},
  bibsource = {dblp computer science bibliography, http://dblp.org}
}

@proceedings{DBLP:conf/cade/2013,
  editor    = {Maria Paola Bonacina},
  title     = {Automated Deduction - {CADE-24} - 24th International Conference on
               Automated Deduction, Lake Placid, NY, USA, June 9-14, 2013. Proceedings},
  series    = {Lecture Notes in Computer Science},
  volume    = {7898},
  publisher = {Springer},
  year      = {2013},
  url       = {http://dx.doi.org/10.1007/978-3-642-38574-2},
  doi       = {10.1007/978-3-642-38574-2},
  isbn      = {978-3-642-38573-5},
  timestamp = {Sat, 15 Jun 2013 19:30:45 +0200},
  biburl    = {http://dblp.uni-trier.de/rec/bib/conf/cade/2013},
  bibsource = {dblp computer science bibliography, http://dblp.org}
}
@proceedings{DBLP:conf/tacas/2012,
  editor    = {Cormac Flanagan and
               Barbara K{\"{o}}nig},
  title     = {Tools and Algorithms for the Construction and Analysis of Systems
               - 18th International Conference, {TACAS} 2012, Held as Part of the
               European Joint Conferences on Theory and Practice of Software, {ETAPS}
               2012, Tallinn, Estonia, March 24 - April 1, 2012. Proceedings},
  series    = {Lecture Notes in Computer Science},
  volume    = {7214},
  publisher = {Springer},
  year      = {2012},
  url       = {http://dx.doi.org/10.1007/978-3-642-28756-5},
  doi       = {10.1007/978-3-642-28756-5},
  isbn      = {978-3-642-28755-8},
  timestamp = {Wed, 07 Jan 2015 18:21:20 +0100},
  biburl    = {http://dblp.uni-trier.de/rec/bib/conf/tacas/2012},
  bibsource = {dblp computer science bibliography, http://dblp.org}
}

@article{DBLP:journals/toplas/SmansJP12,
  author    = {Jan Smans and
               Bart Jacobs and
               Frank Piessens},
  title     = {Implicit dynamic frames},
  journal   = {{ACM} Trans. Program. Lang. Syst.},
  volume    = {34},
  number    = {1},
  pages     = {2},
  year      = {2012},
  url       = {http://doi.acm.org/10.1145/2160910.2160911},
  doi       = {10.1145/2160910.2160911},
  timestamp = {Mon, 02 Dec 2013 10:51:24 +0100},
  biburl    = {http://dblp.uni-trier.de/rec/bib/journals/toplas/SmansJP12},
  bibsource = {dblp computer science bibliography, http://dblp.org}
}


@inproceedings{DBLP:conf/cav/FlanaganJOS03,
  author    = {Cormac Flanagan and
               Rajeev Joshi and
               Xinming Ou and
               James B. Saxe},
  title     = {Theorem Proving Using Lazy Proof Explication},
  booktitle = {Computer Aided Verification, 15th International Conference, {CAV}
               2003, Boulder, CO, USA, July 8-12, 2003, Proceedings},
  pages     = {355--367},
  year      = {2003},
  crossref  = {DBLP:conf/cav/2003},
  url       = {http://dx.doi.org/10.1007/978-3-540-45069-6_34},
  doi       = {10.1007/978-3-540-45069-6_34},
  timestamp = {Fri, 22 Nov 2013 12:57:23 +0100},
  biburl    = {http://dblp2.uni-trier.de/rec/bib/conf/cav/FlanaganJOS03},
  bibsource = {dblp computer science bibliography, http://dblp.org}
}

@proceedings{DBLP:conf/sas/2003,
  editor    = {Radhia Cousot},
  title     = {Static Analysis, 10th International Symposium, SAS 2003,
               San Diego, CA, USA, June 11-13, 2003, Proceedings},
  booktitle = {SAS},
  publisher = {Springer},
  series    = {Lecture Notes in Computer Science},
  volume    = {2694},
  year      = {2003},
  isbn      = {3-540-40325-6},
  bibsource = {DBLP, http://dblp.uni-trier.de}
}


@INPROCEEDINGS{NelsonOppenUnionFind, 
author={G. Nelson and D. C. Oppen}, 
booktitle={Foundations of Computer Science, 1977., 18th Annual Symposium on}, 
title={Fast decision algorithms based on union and find}, 
year={1977}, 
pages={114-119}, 
keywords={Artificial intelligence;Automata;Computer science;Data structures;Decision feedback equalizers;Laboratories;Partitioning algorithms}, 
doi={10.1109/SFCS.1977.12}, 
ISSN={0272-5428}, 
month={Oct},
}

@proceedings{DBLP:conf/cav/2003,
  editor    = {Warren A. Hunt Jr. and
               Fabio Somenzi},
  title     = {Computer Aided Verification, 15th International Conference, {CAV}
               2003, Boulder, CO, USA, July 8-12, 2003, Proceedings},
  series    = {Lecture Notes in Computer Science},
  volume    = {2725},
  publisher = {Springer},
  year      = {2003},
  isbn      = {3-540-40524-0},
  timestamp = {Thu, 09 Oct 2003 12:34:44 +0200},
  biburl    = {http://dblp.uni-trier.de/rec/bib/conf/cav/2003},
  bibsource = {dblp computer science bibliography, http://dblp.org}
}


@inproceedings{DBLP:conf/nfm/GurfinkelCS11,
  author    = {Arie Gurfinkel and
               Sagar Chaki and
               Samir Sapra},
  title     = {Efficient Predicate Abstraction of Program Summaries},
  booktitle = {{NASA} Formal Methods - Third International Symposium, {NFM} 2011,
               Pasadena, CA, USA, April 18-20, 2011. Proceedings},
  pages     = {131--145},
  year      = {2011},
  crossref  = {DBLP:conf/nfm/2011},
  url       = {http://dx.doi.org/10.1007/978-3-642-20398-5_11},
  doi       = {10.1007/978-3-642-20398-5_11},
  timestamp = {Mon, 09 May 2011 12:29:08 +0200},
  biburl    = {http://dblp.uni-trier.de/rec/bib/conf/nfm/GurfinkelCS11},
  bibsource = {dblp computer science bibliography, http://dblp.org}
}
@proceedings{DBLP:conf/nfm/2011,
  editor    = {Mihaela Gheorghiu Bobaru and
               Klaus Havelund and
               Gerard J. Holzmann and
               Rajeev Joshi},
  title     = {{NASA} Formal Methods - Third International Symposium, {NFM} 2011,
               Pasadena, CA, USA, April 18-20, 2011. Proceedings},
  series    = {Lecture Notes in Computer Science},
  volume    = {6617},
  publisher = {Springer},
  year      = {2011},
  url       = {http://dx.doi.org/10.1007/978-3-642-20398-5},
  doi       = {10.1007/978-3-642-20398-5},
  isbn      = {978-3-642-20397-8},
  timestamp = {Mon, 09 May 2011 12:29:08 +0200},
  biburl    = {http://dblp.uni-trier.de/rec/bib/conf/nfm/2011},
  bibsource = {dblp computer science bibliography, http://dblp.org}
}



@phdthesis{Rdch2011,
  author = "Rudich, Arsenii",
  title = "{A}utomatic verification of heap structures with stereotypes",
  year = 2011,
  address = "Z{\"{u}}rich",
	school = {ETH Zürich}
}

@article{DBLP:journals/jacm/ClarkeGJLV03,
  author    = {Edmund M. Clarke and
               Orna Grumberg and
               Somesh Jha and
               Yuan Lu and
               Helmut Veith},
  title     = {Counterexample-guided abstraction refinement for symbolic model checking},
  journal   = {J. {ACM}},
  volume    = {50},
  number    = {5},
  pages     = {752--794},
  year      = {2003},
  url       = {http://doi.acm.org/10.1145/876638.876643},
  doi       = {10.1145/876638.876643},
  timestamp = {Thu, 09 Feb 2006 13:34:10 +0100},
  biburl    = {http://dblp.uni-trier.de/rec/bib/journals/jacm/ClarkeGJLV03},
  bibsource = {dblp computer science bibliography, http://dblp.org}
}
@inproceedings{DBLP:conf/ecoop/HeuleKMS13,
  author    = {Stefan Heule and
               Ioannis T. Kassios and
               Peter M{\"{u}}ller and
               Alexander J. Summers},
  title     = {Verification Condition Generation for Permission Logics with Abstract
               Predicates and Abstraction Functions},
  booktitle = {{ECOOP} 2013 - Object-Oriented Programming - 27th European Conference,
               Montpellier, France, July 1-5, 2013. Proceedings},
  pages     = {451--476},
  year      = {2013},
  crossref  = {DBLP:conf/ecoop/2013},
  url       = {http://dx.doi.org/10.1007/978-3-642-39038-8_19},
  doi       = {10.1007/978-3-642-39038-8_19},
  timestamp = {Wed, 01 Oct 2014 13:31:09 +0200},
  biburl    = {http://dblp.uni-trier.de/rec/bib/conf/ecoop/HeuleKMS13},
  bibsource = {dblp computer science bibliography, http://dblp.org}
}
@proceedings{DBLP:conf/ecoop/2013,
  editor    = {Giuseppe Castagna},
  title     = {{ECOOP} 2013 - Object-Oriented Programming - 27th European Conference,
               Montpellier, France, July 1-5, 2013. Proceedings},
  series    = {Lecture Notes in Computer Science},
  volume    = {7920},
  publisher = {Springer},
  year      = {2013},
  url       = {http://dx.doi.org/10.1007/978-3-642-39038-8},
  doi       = {10.1007/978-3-642-39038-8},
  isbn      = {978-3-642-39037-1},
  timestamp = {Thu, 27 Jun 2013 13:50:50 +0200},
  biburl    = {http://dblp.uni-trier.de/rec/bib/conf/ecoop/2013},
  bibsource = {dblp computer science bibliography, http://dblp.org}
}
@inproceedings{LeinoP16,
  author    = {K. Rustan M. Leino and
               Cl{\'{e}}ment Pit{-}Claudel},
  title     = {Trigger Selection Strategies to Stabilize Program Verifiers},
  booktitle = {Computer Aided Verification - 28th International Conference, {CAV}
               2016, Toronto, ON, Canada, July 17-23, 2016, Proceedings, Part {I}},
  pages     = {361--381},
  year      = {2016},
  crossref  = {DBLP:conf/cav/2016-1},
  url       = {http://dx.doi.org/10.1007/978-3-319-41528-4_20},
  doi       = {10.1007/978-3-319-41528-4_20},
  timestamp = {Wed, 13 Jul 2016 09:36:42 +0200},
  biburl    = {http://dblp.uni-trier.de/rec/bib/conf/cav/LeinoP16},
  bibsource = {dblp computer science bibliography, http://dblp.org}
}
@proceedings{DBLP:conf/cav/2016-1,
  editor    = {Swarat Chaudhuri and
               Azadeh Farzan},
  title     = {Computer Aided Verification - 28th International Conference, {CAV}
               2016, Toronto, ON, Canada, July 17-23, 2016, Proceedings, Part {I}},
  series    = {Lecture Notes in Computer Science},
  volume    = {9779},
  publisher = {Springer},
  year      = {2016},
  url       = {http://dx.doi.org/10.1007/978-3-319-41528-4},
  doi       = {10.1007/978-3-319-41528-4},
  isbn      = {978-3-319-41527-7},
  timestamp = {Wed, 13 Jul 2016 09:31:03 +0200},
  biburl    = {http://dblp.uni-trier.de/rec/bib/conf/cav/2016-1},
  bibsource = {dblp computer science bibliography, http://dblp.org}
}
@inproceedings{DBLP:conf/popl/GulwaniMT08,
  author    = {Sumit Gulwani and
               Bill McCloskey and
               Ashish Tiwari},
  title     = {Lifting abstract interpreters to quantified logical domains},
  booktitle = {Proceedings of the 35th {ACM} {SIGPLAN-SIGACT} Symposium on Principles
               of Programming Languages, {POPL} 2008, San Francisco, California,
               USA, January 7-12, 2008},
  pages     = {235--246},
  year      = {2008},
  crossref  = {DBLP:conf/popl/2008},
  url       = {http://doi.acm.org/10.1145/1328438.1328468},
  doi       = {10.1145/1328438.1328468},
  timestamp = {Tue, 22 May 2012 15:24:56 +0200},
  biburl    = {http://dblp.uni-trier.de/rec/bib/conf/popl/GulwaniMT08},
  bibsource = {dblp computer science bibliography, http://dblp.org}
}
@proceedings{DBLP:conf/popl/2008,
  editor    = {George C. Necula and
               Philip Wadler},
  title     = {Proceedings of the 35th {ACM} {SIGPLAN-SIGACT} Symposium on Principles
               of Programming Languages, {POPL} 2008, San Francisco, California,
               USA, January 7-12, 2008},
  publisher = {{ACM}},
  year      = {2008},
  url       = {http://dl.acm.org/citation.cfm?id=1328438},
  isbn      = {978-1-59593-689-9},
  timestamp = {Tue, 22 May 2012 15:24:56 +0200},
  biburl    = {http://dblp.uni-trier.de/rec/bib/conf/popl/2008},
  bibsource = {dblp computer science bibliography, http://dblp.org}
}